@Article{Weinstein:2010rt,
     author    = "Weinstein, L. B. and others",
     title     = "{Short Range Correlations and the EMC Effect}",
     journal   = "Phys. Rev. Lett.",
     volume    = "106",
     year      = "2011",
     pages     = "052301",
     eprint    = "1009.5666",
     archivePrefix = "arXiv",
     primaryClass  =  "hep-ph",
     doi       = "10.1103/PhysRevLett.106.052301",
     SLACcitation  = "%%CITATION = 1009.5666;%%"
}

@Article{elogevidence,
  title = {SeaQuest ELOG Entry \#1787: Hodoscope Sagging},
  url = {http://e906-gat2.fnal.gov:8080/SeaQuest/1787},
  year = {2012},
  month = {April},
  author = {M. Diefenthaler}
}

@article{PhysRevC.76.055206,
  title = {Dependence of the wave function of a bound nucleon on its momentum and the EMC effect},
  month = {Nov},
  journal = {Phys. Rev. C},
  doi = {10.1103/PhysRevC.76.055206},
  author = {Atti, C. Ciofi degli and Frankfurt, L. L. and Kaptari, L. P. and Strikman, M. I.},
  year = {2007},
  issue = {5},
  url = {http://link.aps.org/doi/10.1103/PhysRevC.76.055206},
  numpages = {12},
  publisher = {American Physical Society},
  pages = {055206},
  volume = {76}
}

@Article{Drell:1970wh,
     author    = "Drell, S. D. and Yan, Tung-Mow",
     title     = "{Massive Lepton Pair Production in Hadron-Hadron Collisions
                  at High-Energies}",
     journal   = "Phys. Rev. Lett.",
     volume    = "25",
     year      = "1970",
     pages     = "316-320",
     doi       = "10.1103/PhysRevLett.25.316",
     note      = "[Erratum-ibid.25:902,1970]",
     SLACcitation  = "%%CITATION = PRLTA,25,316;%%"
}

@article{Geesaman:1995yd,
      author         = "Geesaman, Donald F. and Saito, K. and Thomas, Anthony
                        William",
      title          = "{The nuclear EMC effect}",
      journal        = "Ann.Rev.Nucl.Part.Sci.",
      volume         = "45",
      pages          = "337-390",
      doi            = "10.1146/annurev.ns.45.120195.002005",
      year           = "1995",
}

@article{PhysRevLett.90.042301,
  title = {$n\mathrm{\text{-}}p$ Short-Range Correlations from ($p,2p+n$) Measurements},
  month = {Jan},
  journal = {Phys. Rev. Lett.},
  doi = {10.1103/PhysRevLett.90.042301},
  author = {Tang, A. and others},
  year = {2003},
  issue = {4},
  url = {http://link.aps.org/doi/10.1103/PhysRevLett.90.042301},
  numpages = {4},
  publisher = {American Physical Society},
  pages = {042301},
  volume = {90}
}

@article{PhysRevC.53.1689,
  title = {Realistic model of the nucleon spectral function in few- and many-nucleon systems},
  month = {Apr},
  journal = {Phys. Rev. C},
  doi = {10.1103/PhysRevC.53.1689},
  author = {Ciofi degli Atti, C. and Simula, S.},
  year = {1996},
  issue = {4},
  url = {http://link.aps.org/doi/10.1103/PhysRevC.53.1689},
  publisher = {American Physical Society},
  pages = {1689--1710},
  volume = {53}
}

@Article{Pumplin:2002vw,
     author    = "Pumplin, J. and others",
     title     = "{New generation of parton distributions with uncertainties
                  from global QCD analysis}",
     journal   = "JHEP",
     volume    = "07",
     year      = "2002",
     pages     = "012",
     eprint    = "hep-ph/0201195",
     archivePrefix = "arXiv",
     SLACcitation  = "%%CITATION = HEP-PH/0201195;%%"
}

@Article{Cloet:2009qs,
     author    = "Cloet, I. C. and Bentz, W. and Thomas, A. W.",
     title     = "{Isovector EMC effect explains the NuTeV anomaly}",
     journal   = "Phys. Rev. Lett.",
     volume    = "102",
     year      = "2009",
     pages     = "252301",
     eprint    = "0901.3559",
     archivePrefix = "arXiv",
     primaryClass  =  "nucl-th",
     doi       = "10.1103/PhysRevLett.102.252301",
     SLACcitation  = "%%CITATION = 0901.3559;%%"
}

@Article{Arrington:2011xs,
     author    = "Arrington, J. and Higinbotham, D. W. and Rosner, G. and
                  Sargsian, M.",
     title     = "{Short-Range Nucleon-Nucleon Correlations}",
     year      = "2011",
     eprint    = "1104.1196",
     archivePrefix = "arXiv",
     primaryClass  =  "nucl-ex",
     SLACcitation  = "%%CITATION = 1104.1196;%%"
}

@Article{Alde:1990im,
     author    = "Alde, D. M. and others",
     title     = "{Nuclear dependence of dimuon production at 800-GeV. FNAL-
                  772 experiment}",
     journal   = "Phys. Rev. Lett.",
     volume    = "64",
     year      = "1990",
     pages     = "2479-2482",
     doi       = "10.1103/PhysRevLett.64.2479",
     SLACcitation  = "%%CITATION = PRLTA,64,2479;%%"
}

@Article{Seely:2009gt,
     author    = "Seely, J. and others",
     title     = "{New measurements of the EMC effect in very light nuclei}",
     journal   = "Phys. Rev. Lett.",
     volume    = "103",
     year      = "2009",
     pages     = "202301",
     eprint    = "0904.4448",
     archivePrefix = "arXiv",
     primaryClass  =  "nucl-ex",
     doi       = "10.1103/PhysRevLett.103.202301",
     SLACcitation  = "%%CITATION = 0904.4448;%%"
}

@Article{Aubert:1983xm,
     author    = "Aubert, J. J. and others",
 collaboration = "European Muon",
     title     = "{The Ratio of the Nucleon Structure Functions f2 (n) for
                  Iron and Deuterium}",
     journal   = "Phys. Lett.",
     volume    = "B123",
     year      = "1983",
     pages     = "275",
     doi       = "10.1016/0370-2693(83)90437-9",
     SLACcitation  = "%%CITATION = PHLTA,B123,275;%%"
}

@Article{Higinbotham:2010ye,
     author    = "Higinbotham, D. W. and Gomez, J. and Piasetzky, E.",
     title     = "{Nuclear Scaling and the EMC Effect}",
     year      = "2010",
     eprint    = "1003.4497",
     archivePrefix = "arXiv",
     primaryClass  =  "hep-ph",
     SLACcitation  = "%%CITATION = 1003.4497;%%"
}

@ARTICLE{duan-2007-50,
  author = {Chun-Gui Duan and Na Liu and Zhan-Yuan Yan},
  title = {The extraction of nuclear sea quark distribution and energy loss effect   in Drell-Yan experiment},
  journal = {EUR.PHYS.J.C},
  volume = {50},
  pages = {585},
  url = {doi:10.1140/epjc/s10052-007-0229-3},
  year = {2007}
}

@Article{Duan:2004cw,
     author    = "Duan, Chun-Gui and Cui, Shu-Wen and Yan, Zhan-Yuan and Li,
                  Guang-Lie",
     title     = "{Quark energy loss and shadowing in nuclear Drell-Yan
                  process}",
     journal   = "Commun. Theor. Phys.",
     volume    = "44",
     year      = "2005",
     pages     = "123-127",
     eprint    = "hep-ph/0408172",
     archivePrefix = "arXiv",
     doi       = "10.1088/6102/44/1/123",
     SLACcitation  = "%%CITATION = HEP-PH/0408172;%%"
}

@article{PhysRevLett.96.082501,
  title = {Measurement of Two- and Three-Nucleon Short-Range Correlation Probabilities in Nuclei},
  month = {Mar},
  journal = {Phys. Rev. Lett.},
  doi = {10.1103/PhysRevLett.96.082501},
  author = {Egiyan, K. S. and others},
  year = {2006},
  issue = {8},
  url = {http://link.aps.org/doi/10.1103/PhysRevLett.96.082501},
  numpages = {6},
  collaboration = {CLAS Collaboration},
  publisher = {American Physical Society},
  pages = {082501},
  volume = {96}
}

@article{Subedi:2008zz,
      author         = "Subedi, R. and Shneor, R. and Monaghan, P. and Anderson,
                        B.D. and Aniol, K. and others",
      title          = "{Probing Cold Dense Nuclear Matter}",
      journal        = "Science",
      volume         = "320",
      pages          = "1476-1478",
      doi            = "10.1126/science.1156675",
      year           = "2008",
      eprint         = "0908.1514",
      archivePrefix  = "arXiv",
      primaryClass   = "nucl-ex",
}

@Article{RajSubedi:2007zz,
     author    = "Raj Subedi, Ramesh",
     title     = "{Studying short-range correlations with the C-12(e, e-prime
                  p n) reaction}",
     note     = "JLAB-PHY-07-804"
}

@Article{Bjorken:1969ja,
     author    = "Bjorken, J. D. and Paschos, Emmanuel A.",
     title     = "INELASTIC ELECTRON PROTON AND gamma PROTON SCATTERING, AND
                  THE STRUCTURE OF THE NUCLEON",
     journal   = "Phys. Rev.",
     volume    = "185",
     year      = "1969",
     pages     = "1975-1982",
     SLACcitation  = "%%CITATION = PHRVA,185,1975;%%"
}

@Book{Halzen,
     author    = "Halzen, F and Martin, A. D.",
     title     = "Quarks \& Leptons: An Introductory Course in Modern Particle Physics",
     publisher = "Wiley",
     year      = "1984",
}