@article{Fisk:1982pn,
	author         = "Fisk, H. Eugene and Sciulli, Frank",
	title          = "{CHARGED CURRENT NEUTRINO INTERACTIONS}",
	journal        = "Ann. Rev. Nucl. Part. Sci.",
	volume         = "32",
	year           = "1982",
	pages          = "499-573",
	doi            = "10.1146/annurev.ns.32.120182.002435",
	SLACcitation   = "%%CITATION = ARNUA,32,499;%%"
}

@article{kalman:1960,
	Author = {Kalman, Rudolph Emil},
	Title = {A New Approach to Linear Filtering and Prediction Problems},
	Journal = {Transactions of the ASME--Journal of Basic Engineering},
	Volume = {82},
	Number = {Series D},
	Pages = {35--45},
	Year = {1960}
}

@phdthesis{vanderEijk:2002sp,
	author         = "van der Eijk, Rutger M.",
	title          = "{Track reconstruction in the LHCb experiment}",
	school         = "Amsterdam U.",
	url            = "http://weblib.cern.ch/abstract?CERN-THESIS-2002-032",
	year           = "2002",
	reportNumber   = "CERN-THESIS-2002-032",
	SLACcitation   = "%%CITATION = CERN-THESIS-2002-032;%%"
}

@inproceedings{Gorbunov:2010yda,
	author         = "Gorbunov, S. and others",
	title          = "{ALICE HLT high speed tracking and vertexing}",
	booktitle      = "{Proceedings, 17th Conference on Computing Applications
	in Nuclear and Plasma Sciences on Real Time (RT2010)}",
	collaboration  = "ALICE",
	year           = "2010",
	journal        = "IEEE Nucl. Sci. Symp. Conf. Rec.",
	doi            = "10.1109/RTC.2010.5750344",
	SLACcitation   = "%%CITATION = INSPIRE-1323710;%%"
}

@article{Kumano:1997cy,
	author         = "Kumano, S.",
	title          = "{Flavor asymmetry of anti-quark distributions in the
	nucleon}",
	journal        = "Phys. Rept.",
	volume         = "303",
	year           = "1998",
	pages          = "183-257",
	doi            = "10.1016/S0370-1573(98)00016-7",
	eprint         = "hep-ph/9702367",
	archivePrefix  = "arXiv",
	primaryClass   = "hep-ph",
	reportNumber   = "SAGA-HE-97-97, DOE-ER-40561-255, INT-96-19-01",
	SLACcitation   = "%%CITATION = HEP-PH/9702367;%%"
}

@article{Garvey:2001yq,
	author         = "Garvey, Gerald T. and Peng, Jen-Chieh",
	title          = "{Flavor asymmetry of light quarks in the nucleon sea}",
	journal        = "Prog. Part. Nucl. Phys.",
	volume         = "47",
	year           = "2001",
	pages          = "203-243",
	doi            = "10.1016/S0146-6410(01)00155-7",
	eprint         = "nucl-ex/0109010",
	archivePrefix  = "arXiv",
	primaryClass   = "nucl-ex",
	SLACcitation   = "%%CITATION = NUCL-EX/0109010;%%"
}

@article{Gross:1969jf,
	author         = "Gross, David J. and Llewellyn Smith, Chris H.",
	title          = "{High-energy neutrino - nucleon scattering, current
	algebra and partons}",
	journal        = "Nucl. Phys.",
	volume         = "B14",
	year           = "1969",
	pages          = "337-347",
	doi            = "10.1016/0550-3213(69)90213-2",
	SLACcitation   = "%%CITATION = NUPHA,B14,337;%%"
}

@article{Estermann:169E,
	author = "Estermann, I. and Frisch, R. and Stern, O.",
	title = "{Magnetic Moment of the Proton}",
	journal = "Nature",
	year = "1933",
	month = "jul",
	volume = "132",
	pages = "169-170",
	doi = {10.1038/132169a0},
	adsurl = {\url{http://adsabs.harvard.edu/abs/1933Natur.132..169E}},
	adsnote = {Provided by the SAO/NASA Astrophysics Data System}
}

@unpublished{blist:binomial,
author = {List, Benno},
title = {Statistical Error of Efficiency Determination From Weighted Events},
date = {2003-01-07},
howpublished = {\url{www.desy.de/~blist/notes/effic.ps.gz}},
note = {Accessed: 2016-03-16}
}

@article{1964PhRvL:12204B,
	author = {{Barnes}, V.~E. and {Connolly}, P.~L. and {Crennell}, D.~J. and 
	{Culwick}, B.~B. and {Delaney}, W.~C. and {Fowler}, W.~B. and 
	{Hagerty}, P.~E. and {Hart}, E.~L. and {Horwitz}, N. and {Hough}, P.~V. and 
	{Jensen}, J.~E. and {Kopp}, J.~K. and {Lai}, K.~W. and {Leitner}, J. and 
	{Lloyd}, J.~L. and {London}, G.~W. and {Morris}, T.~W. and {Oren}, Y. and 
	{Palmer}, R.~B. and {Prodell}, A.~G. and {Radoji{\v c}i{\'C}}, D. and 
	{Rahm}, D.~C. and {Richardson}, C.~R. and {Samios}, N.~P. and 
	{Sanford}, J.~R. and {Shutt}, R.~P. and {Smith}, J.~R. and {Stonehill}, D.~L. and 
	{Strand}, R.~C. and {Thorndike}, A.~M. and {Webster}, M.~S. and 
	{Willis}, W.~J. and {Yamamoto}, S.~S.},
	title = "{Observation of a Hyperon with Strangeness Minus Three}",
	journal = {Physical Review Letters},
	year = 1964,
	month = feb,
	volume = 12,
	pages = {204-206},
	doi = {10.1103/PhysRevLett.12.204},
	adsurl = {http://adsabs.harvard.edu/abs/1964PhRvL..12..204B},
	adsnote = {Provided by the SAO/NASA Astrophysics Data System}
}


@article{Dulat:2015mca,
	author         = "Dulat, Sayipjamal and Hou, Tie-Jiun and Gao, Jun and
	Guzzi, Marco and Huston, Joey and Nadolsky, Pavel and
	Pumplin, Jon and Schmidt, Carl and Stump, Daniel and Yuan,
	C. P.",
	title          = "{New parton distribution functions from a global analysis
	of quantum chromodynamics}",
	journal        = "Phys. Rev.",
	volume         = "D93",
	year           = "2016",
	number         = "3",
	pages          = "033006",
	doi            = "10.1103/PhysRevD.93.033006",
	eprint         = "1506.07443",
	archivePrefix  = "arXiv",
	primaryClass   = "hep-ph",
	SLACcitation   = "%%CITATION = ARXIV:1506.07443;%%"
}


@article{PhysRevLett.43.830,
	title = {Discovery of Three-Jet Events and a Test of Quantum Chromodynamics at PETRA},
	author = {Barber, D. P. and Becker, U. and Benda, H. and Boehm, A. and Branson, J. G. and Bron, J. and Buikman, D. and Burger, J. and Chang, C. C. and Chen, H. S. and Chen, M. and Cheng, C. P. and Chu, Y. S. and Clare, R. and Duinker, P. and Fang, G. Y. and Fesefeldt, H. and Fong, D. and Fukushima, M. and Guo, J. C. and Hariri, A. and Herten, G. and Ho, M. C. and Hsu, H. K. and Hsu, T. T. and Kadel, R. W. and Krenz, W. and Li, J. and Li, Q. Z. and Lu, M. and Luckey, D. and Ma, D. A. and Ma, C. M. and Massaro, G. G. G. and Matsuda, T. and Newman, H. and Paradiso, J. and Poschmann, F. P. and Revol, J. P. and Rohde, M. and Rykaczewski, H. and Sinram, K. and Tang, H. W. and Tang, L. G. and Ting, Samuel C. C. and Tung, K. L. and Vannucci, F. and Wang, X. R. and Wei, P. S. and White, M. and Wu, G. H. and Wu, T. W. and Xi, J. P. and Yang, P. C. and Yu, X. H. and Zhang, N. L. and Zhu, R. Y.},
	journal = {Phys. Rev. Lett.},
	volume = {43},
	issue = {12},
	pages = {830--833},
	numpages = {0},
	year = {1979},
	month = {Sep},
	publisher = {American Physical Society},
	doi = {10.1103/PhysRevLett.43.830},
	url = {http://link.aps.org/doi/10.1103/PhysRevLett.43.830}
}

@article{Webb_Williams_1963,
	title={GAMMA RAY SPECTROSCOPY USING A GERMANIUM LITHIUM-DRIFTED DIODE},
	volume={Vol: 22},
	DOI={10.1016/0029-554X(63)90265-9},
	journal={Nucl. Instr. Methods},
	author={Webb, P.P. and Williams, R.L.},
	year={1963},
	month={Apr}
}

@article{Nachtmann:1983py,
	author         = "Nachtmann, O. and Pirner, H. J.",
	title          = "{Color Conductivity in Nuclei and the Emc Effect}",
	journal        = "Z. Phys.",
	volume         = "C21",
	year           = "1984",
	pages          = "277",
	doi            = "10.1007/BF01577042",
	reportNumber   = "HD-THEP-83-8",
	SLACcitation   = "%%CITATION = ZEPYA,C21,277;%%"
}

@article{Close:1983tn,
	author         = "Close, F. E. and Roberts, R. G. and Ross, Graham G.",
	title          = "{The Effect of Confinement Size on Nuclear Structure
	Functions}",
	journal        = "Phys. Lett.",
	volume         = "B129",
	year           = "1983",
	pages          = "346-350",
	doi            = "10.1016/0370-2693(83)90679-2",
	reportNumber   = "RL-83-051",
	SLACcitation   = "%%CITATION = PHLTA,B129,346;%%"
}

@article{Staszel:1983qx,
	author         = "Staszel, M. and Rozynek, J. and Wilk, G.",
	title          = "{Structure Functions of Bound Nucleons}",
	journal        = "Phys. Rev.",
	volume         = "D29",
	year           = "1984",
	pages          = "2638",
	doi            = "10.1103/PhysRevD.29.2638",
	reportNumber   = "IFT/9/83-WARSAW",
	SLACcitation   = "%%CITATION = PHRVA,D29,2638;%%"
}

@article{GarciaCanal:1984eh,
	author         = "Garcia Canal, C. A. and Santangelo, E. M. and Vucetich,
	H.",
	title          = "{Nucleon Effective Mass and the A-dependence of Structure
	Functions}",
	journal        = "Phys. Rev. Lett.",
	volume         = "53",
	year           = "1984",
	pages          = "1430",
	doi            = "10.1103/PhysRevLett.53.1430",
	reportNumber   = "Print-84-0767 (LA PLATA)",
	SLACcitation   = "%%CITATION = PRLTA,53,1430;%%"
}

@book{Halzen:1984mc,
	author        = "F. Halzen and Alan D. Martin",
	title         = "QUARKS AND LEPTONS: AN INTRODUCTORY COURSE IN MODERN PARTICLE PHYSICS",
	year          = "1984",
	note          = "New York, USA ( 1984) 396p",
	publisher	  = {Wiley}
}

@misc{Dommelen,
	author        = "Dommelen, L.",
	title         = "Quantum Mechanics for Engineers",
	year          = "2013",
	howpublished = {\url{https://www.eng.fsu.edu/~dommelen/quantum/style_a/index.html}}
}

@article{Abegg:1998sg,
	author         = "Zhao, J. and others",
	title          = "{Precision measurement of charge symmetry breaking in n p
	elastic scattering at 347-MeV}",
	journal        = "Phys. Rev.",
	volume         = "C57",
	year           = "1998",
	pages          = "2126-2141",
	doi            = "10.1103/PhysRevC.57.2126",
	SLACcitation   = "%%CITATION = PHRVA,C57,2126;%%"
}

@article{Baldit:1994jk,
	author         = "Baldit, A. and others",
	title          = "{Study of the isospin symmetry breaking the in the light
	quark sea of the nucleon from the Drell-Yan process}",
	collaboration  = "NA51",
	journal        = "Phys. Lett.",
	volume         = "B332",
	year           = "1994",
	pages          = "244-250",
	doi            = "10.1016/0370-2693(94)90884-2",
	reportNumber   = "LYCEN-9426",
	SLACcitation   = "%%CITATION = PHLTA,B332,244;%%"
}

@article{Amaudruz:1991nw,
	author         = "Amaudruz, P. and others",
	title          = "{The ratio F2(n) / F2(p) in deep inelastic muon
	scattering}",
	collaboration  = "New Muon",
	journal        = "Nucl. Phys.",
	volume         = "B371",
	year           = "1992",
	pages          = "3-31",
	doi            = "10.1016/0550-3213(92)90227-3",
	reportNumber   = "CERN-PPE-91-167",
	SLACcitation   = "%%CITATION = NUPHA,B371,3;%%"
}

@article{Gomez:1993ri,
	author         = "Gomez, J. and others",
	title          = "{Measurement of the A-dependence of deep inelastic
	electron scattering}",
	journal        = "Phys. Rev.",
	volume         = "D49",
	year           = "1994",
	pages          = "4348-4372",
	doi            = "10.1103/PhysRevD.49.4348",
	reportNumber   = "SLAC-PUB-5813",
	SLACcitation   = "%%CITATION = PHRVA,D49,4348;%%"
}

@article{Ackerstaff:1999ac,
	author         = "Ackerstaff, K. and others",
	title          = "{Nuclear effects on R = sigma(L) / sigma(T) in deep
	inelastic scattering}",
	collaboration  = "HERMES",
	journal        = "Phys. Lett.",
	volume         = "B475",
	year           = "2000",
	pages          = "386-394",
	doi            = "10.1016/S0370-2693(99)01493-8",
	note           = "[Erratum: Phys. Lett.B567,339(2003)]",
	eprint         = "hep-ex/9910071",
	archivePrefix  = "arXiv",
	primaryClass   = "hep-ex",
	reportNumber   = "hep-ex/0210067, DESY-99-150, DESY-02-092",
	SLACcitation   = "%%CITATION = HEP-EX/9910071;%%"
}

@article{Arnold:1983mw,
	author         = "Arnold, R. G. and others",
	title          = "{Measurements of the a-Dependence of Deep Inelastic
	electron Scattering from Nuclei}",
	journal        = "Phys. Rev. Lett.",
	volume         = "52",
	year           = "1984",
	pages          = "727",
	doi            = "10.1103/PhysRevLett.52.727",
	reportNumber   = "SLAC-PUB-3257",
	SLACcitation   = "%%CITATION = PRLTA,52,727;%%"
}

@article{Benvenuti:1987az,
	author         = "Benvenuti, A. C. and others",
	title          = "{Nuclear Effects in Deep Inelastic Muon Scattering on
	Deuterium and Iron Targets}",
	collaboration  = "BCDMS",
	journal        = "Phys. Lett.",
	volume         = "B189",
	year           = "1987",
	pages          = "483",
	doi            = "10.1016/0370-2693(87)90664-2",
	reportNumber   = "CERN-EP-87-13",
	SLACcitation   = "%%CITATION = PHLTA,B189,483;%%"
}

@article{Arneodo:1996qe,
	author         = "Arneodo, M. and others",
	title          = "{Measurement of the proton and deuteron structure
	functions, F2(p) and F2(d), and of the ratio sigma-L /
	sigma-T}",
	collaboration  = "New Muon",
	journal        = "Nucl. Phys.",
	volume         = "B483",
	year           = "1997",
	pages          = "3-43",
	doi            = "10.1016/S0550-3213(96)00538-X",
	eprint         = "hep-ph/9610231",
	archivePrefix  = "arXiv",
	primaryClass   = "hep-ph",
	SLACcitation   = "%%CITATION = HEP-PH/9610231;%%"
}

@article{Arneodo:1994sh,
	author         = "Arneodo, M. and others",
	title          = "{A Reevaluation of the Gottfried sum}",
	collaboration  = "New Muon",
	journal        = "Phys. Rev.",
	volume         = "D50",
	year           = "1994",
	pages          = "1-3",
	doi            = "10.1103/PhysRevD.50.1",
	reportNumber   = "CERN-PPE-94-32, CERN-PPE-94-032, CERN-PPE-93-117",
	SLACcitation   = "%%CITATION = PHRVA,D50,1;%%"
}

@article{PhysRevD.16.2219,
	title = {Angular distribution of dileptons in high-energy hadron collisions},
	author = {Collins, John C. and Soper, Davison E.},
	journal = {Phys. Rev. D},
	volume = {16},
	issue = {7},
	pages = {2219--2225},
	numpages = {0},
	year = {1977},
	month = {Oct},
	publisher = {American Physical Society},
	doi = {10.1103/PhysRevD.16.2219},
	url = {http://link.aps.org/doi/10.1103/PhysRevD.16.2219}
}

@misc{osg:doc,
	author = "Open Science Grid Consortium",
	title = {OSG Blueprint},
	howpublished = {\url{http://osg-docdb.opensciencegrid.org/cgi-bin/RetrieveFile?docid=18\&extension=pdf}},
	note = {Accessed: 2016-02-24}
}

@misc{caen:v1495,
	author = "CAEN",
	title = {v1495 General Purpose VME Board},
	howpublished = {\url{http://www.caen.it/csite/CaenProd.jsp?idmod=484\&parent=11}},
	note = {Accessed: 2016-01-26}
}

@misc{jlab:coda,
	author = "Jefferson National Accelerator Laboratory Data Acquisition Support",
	title = {CODA (CEBAF Online Data Acquisition)},
	howpublished = {\url{https://coda.jlab.org/drupal/}},
	note = {Accessed: 2016-02-12}
}

@article{Griffioen:2015hxa,
	author         = "Griffioen, K. A. and others",
	title          = "{Measurement of the EMC Effect in the Deuteron}",
	journal        = "Phys. Rev.",
	volume         = "C92",
	year           = "2015",
	number         = "1",
	pages          = "015211",
	doi            = "10.1103/PhysRevC.92.015211",
	eprint         = "1506.00871",
	archivePrefix  = "arXiv",
	primaryClass   = "hep-ph",
	reportNumber   = "JLAB-PHY-15-2055",
	SLACcitation   = "%%CITATION = ARXIV:1506.00871;%%"
}

@misc{lecroy:1440,
	author = "LeCroy",
	title = {LeCroy 1440 High Voltage Power Supply Manual},
	howpublished = {\url{http://ikpe1101.ikp.kfa-juelich.de/manuals/LeCroy_1440/operation_manual/operation_manual.htm}},
	organization = "LeCroy",
	note = {Accessed: 2016-02-03}
}

@misc{agilent:33520,
	author = "Agilent",
	title = {Agilent 33500 Series 30 MHz Function /	Arbitrary Waveform Generator User’s Guide},
	howpublished = {\url{http://cp.literature.agilent.com/litweb/pdf/33520-90001.pdf}},
	organization = "Agilent",
	note = {Accessed: 2016-02-03}
}

@techreport{ames1998measurement,
	title={Measurement of 20 hamamatsu R-5900 photomultiplier tubes for ATLAS tilecal module-0},
	author={Ames, E and Seshagiri, C and Griswold, M and Simaitis, V and La Due, J and Cogswell, F and Errede, S and Thaler, J and Errede, D and Downing, RW and others},
	year={1998},
	institution={CERN-ATL-TILECAL-98-156}
}

@misc{mvme:scaler,
	author = "MVME",
	title = {MVME5500 Series VMEbus Single-Board Computer},
	howpublished = {\url{http://www.mvme.com/manuals/MVME5500e-SPEC.pdf}},
	note = {Accessed: 2016-01-26}
}

@misc{tubespecs,
	title = {XP2072: High energy resolution , 10-stage, 39mm (1.5") tube},
	author = "HCZ Photonics",
	howpublished = {\url{http://hzcphotonics.com/products/XP2072.PDF}},
	note = {Accessed: 2016-01-29},
	organization = {HCZ Photonics},
	pagetotal = {3}
}

@misc{pc:sten,
	author        = "Hansen, Sten",
	howpublished  = "private communication",
	year          = "2012",
	organization  = "Fermilab Particle Physics Division"
}

@article{PhysRevLett.106.052301,
	title = {Short Range Correlations and the EMC Effect},
	author = {Weinstein, L. B. and Piasetzky, E. and Higinbotham, D. W. and Gomez, J. and Hen, O. and Shneor, R.},
	journal = {Phys. Rev. Lett.},
	volume = {106},
	issue = {5},
	pages = {052301},
	numpages = {4},
	year = {2011},
	month = {Feb},
	publisher = {American Physical Society},
	doi = {10.1103/PhysRevLett.106.052301},
	url = {http://link.aps.org/doi/10.1103/PhysRevLett.106.052301}
}


@misc{Geesaman:906prop,
	author        = "Geesaman, D. et al.",
	howpublished  = "Proposal for Drell-Yan Measurements of Nucleon and Nuclear Structure with the FNAL Main Injector",
	year          = "1999",
	organization  = "Fermilab Particle Physics Division"
}


@article{Shiu:2015ura,
	author         = "Shiu, Shiuan-Hal and Wu, Jinyuan and McClellan, Randall
	Evan and Chang, Ting-Hua and Chang, Wen-Chen and Chen,
	Yen-Chu and Gilman, Ron and Nakano, Kenichi and Peng,
	Jen-Chieh and Wang, Su-Yin",
	title          = "{FPGA-based trigger system for the Fermilab SeaQuest
	experiment}",
	journal        = "Nucl. Instrum. Meth.",
	volume         = "A802",
	year           = "2015",
	pages          = "82-88",
	doi            = "10.1016/j.nima.2015.09.001",
	eprint         = "1509.04864",
	archivePrefix  = "arXiv",
	primaryClass   = "physics.ins-det",
	reportNumber   = "FERMILAB-PUB-15-391-E",
	SLACcitation   = "%%CITATION = ARXIV:1509.04864;%%"
}

@article{Quigg:1985ai,
	author         = "Quigg, C.",
	title          = "{ELEMENTARY PARTICLES AND FORCES}",
	journal        = "Sci. Am.",
	volume         = "252N4",
	year           = "1985",
	pages          = "64-75",
	SLACcitation   = "%%CITATION = SCAMA,252N4,64;%%"
}

@article{Rith:1986bf,
	author         = "Rith, Klaus",
	title          = "{THE EMC EFFECT}",
	year           = "1986",
	reportNumber   = "MPI-H-1986-V15",
	SLACcitation   = "%%CITATION = MPI-H-1986-V15 ETC.;%%",
}

@article{CMS:2014mna,
	author         = "Khachatryan, Vardan and others",
	title          = "{Measurement of the inclusive 3-jet production
	differential cross section in proton–proton collisions
	at 7 TeV and determination of the strong coupling
	constant in the TeV range}",
	collaboration  = "CMS",
	journal        = "Eur. Phys. J.",
	volume         = "C75",
	year           = "2015",
	number         = "5",
	pages          = "186",
	doi            = "10.1140/epjc/s10052-015-3376-y",
	eprint         = "1412.1633",
	archivePrefix  = "arXiv",
	primaryClass   = "hep-ex",
	reportNumber   = "CMS-SMP-12-027, CERN-PH-EP-2014-287",
	SLACcitation   = "%%CITATION = ARXIV:1412.1633;%%"
}

@article{PhysRevLett.100.162503,
	title = {Proton-Neutron and Proton-Proton Correlations in Medium-Weight Nuclei and the Role of the Tensor Force},
	author = {Alvioli, M. and Ciofi degli Atti, C. and Morita, H.},
	journal = {Phys. Rev. Lett.},
	volume = {100},
	issue = {16},
	pages = {162503},
	numpages = {4},
	year = {2008},
	month = {Apr},
	publisher = {American Physical Society},
	doi = {10.1103/PhysRevLett.100.162503},
	url = {http://link.aps.org/doi/10.1103/PhysRevLett.100.162503}
}

@article{de:1990im,
	author         = "Alde, D.M. and Baer, H.W. and Carey, T.A. and Garvey,
	G.T. and Klein, A. and others",
	title          = "{Nuclear dependence of dimuon production at 800-GeV.
	FNAL-772 experiment}",
	journal        = "Phys.Rev.Lett.",
	volume         = "64",
	pages          = "2479-2482",
	doi            = "10.1103/PhysRevLett.64.2479",
	year           = "1990",
	SLACcitation   = "%%CITATION = PRLTA,64,2479;%%",
}

@article{Egiyan:2005hs,
	author         = "Egiyan, K.S. and others",
	title          = "{Measurement of 2- and 3-nucleon short range correlation
	probabilities in nuclei}",
	collaboration  = "CLAS",
	journal        = "Phys.Rev.Lett.",
	volume         = "96",
	pages          = "082501",
	doi            = "10.1103/PhysRevLett.96.082501",
	year           = "2006",
	eprint         = "nucl-ex/0508026",
	archivePrefix  = "arXiv",
	primaryClass   = "nucl-ex",
	reportNumber   = "JLAB-PHY-05-285",
	SLACcitation   = "%%CITATION = NUCL-EX/0508026;%%",
}

@article{Hen:2013oha,
	author         = "Hen, Or and Higinbotham, D. W. and Miller, Gerald A. and
	Piasetzky, Eli and Weinstein, Lawrence B.",
	title          = "{The EMC Effect and High Momentum Nucleons in Nuclei}",
	journal        = "Int. J. Mod. Phys.",
	volume         = "E22",
	year           = "2013",
	pages          = "1330017",
	doi            = "10.1142/S0218301313300178",
	eprint         = "1304.2813",
	archivePrefix  = "arXiv",
	primaryClass   = "nucl-th",
	reportNumber   = "JLAB-PHY-13-1801",
	SLACcitation   = "%%CITATION = ARXIV:1304.2813;%%"
}

@article{Piasetzky:2011zz,
	author         = "Piasetzky, E. and Weinstein, L.B. and Higinbotham, D.W.
	and Gomez, J. and Hen, O. and others",
	title          = "{Short range correlations and the EMC effect}",
	journal        = "Nucl.Phys.",
	volume         = "A855",
	pages          = "245-248",
	doi            = "10.1016/j.nuclphysa.2011.02.050",
	year           = "2011",
	reportNumber   = "JLAB-PHY-11-1328",
	SLACcitation   = "%%CITATION = NUPHA,A855,245;%%",
}

@article{Peng:2011ds,
	author         = "Peng, J.C.",
	title          = "{Large-x PDFs and the Drell-Yan Process}",
	journal        = "AIP Conf.Proc.",
	volume         = "1369",
	pages          = "144-152",
	doi            = "10.1063/1.3631530",
	year           = "2011",
	eprint         = "1102.0060",
	archivePrefix  = "arXiv",
	primaryClass   = "nucl-ex",
	SLACcitation   = "%%CITATION = ARXIV:1102.0060;%%",
}

@article{Peng:2010tg,
	author         = "Peng, Jen-Chieh",
	title          = "{Partonic substructure of nucleons and nuclei with dimuon
	production}",
	journal        = "AIP Conf.Proc.",
	volume         = "1261",
	pages          = "61-66",
	doi            = "10.1063/1.3479363",
	year           = "2010",
	eprint         = "1004.4870",
	archivePrefix  = "arXiv",
	primaryClass   = "nucl-ex",
	SLACcitation   = "%%CITATION = ARXIV:1004.4870;%%",
}

@article{norton:emc-review,
	author={P R Norton},
	title={The EMC effect},
	journal={Reports on Progress in Physics},
	volume={66},
	number={8},
	pages={1253},
	url={http://stacks.iop.org/0034-4885/66/i=8/a=201},
	year={2003},
	abstract={The status of the EMC effect, the anomalous scattering of leptons on nuclei, is reviewed, together with models which have been formulated to explain it. The implications for other processes are discussed, in particular the relevance to problems in conventional nuclear physics.}
}

@book{joyce1999finnegans,
	title={Finnegan's Wake},
	author={Joyce, J.},
	url={https://books.google.com/books?id=CTrT6wh172AC},
	year={1939},
	publisher={Viking Press, New York}
}



@article{Kopeliovich:2012kw,
	author         = "Kopeliovich, B. Z. and Morfin, J. G. and Schmidt, Ivan",
	title          = "{Nuclear Shadowing in Electro-Weak Interactions}",
	journal        = "Prog. Part. Nucl. Phys.",
	volume         = "68",
	year           = "2013",
	pages          = "314-372",
	doi            = "10.1016/j.ppnp.2012.09.004",
	eprint         = "1208.6541",
	archivePrefix  = "arXiv",
	primaryClass   = "hep-ph",
	reportNumber   = "USM-TH-303, FERMILAB-PUB-12-487-PPD",
	SLACcitation   = "%%CITATION = ARXIV:1208.6541;%%"
}

@article{PhysRevC.76.055206,
  title = {Dependence of the wave function of a bound nucleon on its momentum and the EMC effect},
  month = {Nov},
  journal = {Phys. Rev. C},
  doi = {10.1103/PhysRevC.76.055206},
  author = {Atti, C. Ciofi degli and Frankfurt, L. L. and Kaptari, L. P. and Strikman, M. I.},
  year = {2007},
  issue = {5},
  url = {\url{http://link.aps.org/doi/10.1103/PhysRevC.76.055206}},
  numpages = {12},
  publisher = {American Physical Society},
  pages = {055206},
  volume = {76}
}

@Article{Drell:1970wh,
     author    = "Drell, S. D. and Yan, Tung-Mow",
     title     = "{Massive Lepton Pair Production in Hadron-Hadron Collisions
                  at High-Energies}",
     journal   = "Phys. Rev. Lett.",
     volume    = "25",
     year      = "1970",
     pages     = "316-320",
     doi       = "10.1103/PhysRevLett.25.316",
     note      = "[Erratum-ibid.25:902,1970]",
     SLACcitation  = "%%CITATION = PRLTA,25,316;%%"
}

@article{Geesaman:1995yd,
      author         = "Geesaman, Donald F. and Saito, K. and Thomas, Anthony
                        William",
      title          = "{The nuclear EMC effect}",
      journal        = "Ann.Rev.Nucl.Part.Sci.",
      volume         = "45",
      pages          = "337-390",
      doi            = "10.1146/annurev.ns.45.120195.002005",
      year           = "1995",
}

@article{PhysRevD.23.604,
	title = {Measurement of the continuum of dimuons produced in high-energy proton-nucleus collisions},
	author = {Ito, A. S. and Fisk, R. J. and J\"ostlein, H. and Kaplan, D. M. and Herb, S. W. and Hom, D. C. and Lederman, L. M. and Snyder, H. D. and Yoh, J. K. and Brown, B. C. and Brown, C. N. and Innes, W. R. and Kephart, R. D. and Ueno, K. and Yamanouchi, T.},
	journal = {Phys. Rev. D},
	volume = {23},
	issue = {3},
	pages = {604--633},
	numpages = {0},
	year = {1981},
	month = {Feb},
	publisher = {American Physical Society},
	doi = {10.1103/PhysRevD.23.604},
	url = {http://link.aps.org/doi/10.1103/PhysRevD.23.604}
}

@article{Brown:1989fj,
	author         = "Brown, C. N. and others",
	title          = "{Dimuon Production in 800-{GeV} Proton Nucleus
	Collisions}",
	journal        = "Phys. Rev. Lett.",
	volume         = "63",
	year           = "1989",
	pages          = "2637-2640",
	doi            = "10.1103/PhysRevLett.63.2637",
	SLACcitation   = "%%CITATION = PRLTA,63,2637;%%"
}


@article{PhysRevLett.90.042301,
  title = {$n\mathrm{\text{-}}p$ Short-Range Correlations from ($p,2p+n$) Measurements},
  month = {Jan},
  journal = {Phys. Rev. Lett.},
  doi = {10.1103/PhysRevLett.90.042301},
  author = {Tang, A. and others},
  year = {2003},
  issue = {4},
  url = {\url{http://link.aps.org/doi/10.1103/PhysRevLett.90.042301}},
  numpages = {4},
  publisher = {American Physical Society},
  pages = {042301},
  volume = {90}
}

@article{PhysRevC.53.1689,
  title = {Realistic model of the nucleon spectral function in few- and many-nucleon systems},
  month = {Apr},
  journal = {Phys. Rev. C},
  doi = {10.1103/PhysRevC.53.1689},
  author = {Ciofi degli Atti, C. and Simula, S.},
  year = {1996},
  issue = {4},
  url = {\url{http://link.aps.org/doi/10.1103/PhysRevC.53.1689}},
  publisher = {American Physical Society},
  pages = {1689--1710},
  volume = {53}
}

@Article{Pumplin:2002vw,
     author    = "Pumplin, J. and others",
     title     = "{New generation of parton distributions with uncertainties
                  from global QCD analysis}",
     journal   = "JHEP",
     volume    = "07",
     year      = "2002",
     pages     = "012",
     eprint    = "hep-ph/0201195",
     archivePrefix = "arXiv",
     SLACcitation  = "%%CITATION = HEP-PH/0201195;%%"
}

@Article{Cloet:2009qs,
     author    = "Cloet, I. C. and Bentz, W. and Thomas, A. W.",
     title     = "{Isovector EMC effect explains the NuTeV anomaly}",
     journal   = "Phys. Rev. Lett.",
     volume    = "102",
     year      = "2009",
     pages     = "252301",
     eprint    = "0901.3559",
     archivePrefix = "arXiv",
     primaryClass  =  "nucl-th",
     doi       = "10.1103/PhysRevLett.102.252301",
     SLACcitation  = "%%CITATION = 0901.3559;%%"
}

@Article{Arrington:2011xs,
     author    = "Arrington, J. and Higinbotham, D. W. and Rosner, G. and
                  Sargsian, M.",
     title     = "{Short-Range Nucleon-Nucleon Correlations}",
     year      = "2011",
     eprint    = "1104.1196",
     archivePrefix = "arXiv",
     primaryClass  =  "nucl-ex",
     SLACcitation  = "%%CITATION = 1104.1196;%%"
}

@article{Stein:1975yy,
	author         = "Stein, S. and Atwood, W. B. and Bloom, Elliott D. and
	Cottrell, R. Leslie and DeStaebler, H. C. and Jordan, C.
	L. and Piel, H. and Prescott, C. Y. and Siemann, R. and
	Taylor, Richard E.",
	title          = "{Electron Scattering at 4-Degrees with Energies of
	4.5-GeV - 20-GeV}",
	journal        = "Phys. Rev.",
	volume         = "D12",
	year           = "1975",
	pages          = "1884",
	doi            = "10.1103/PhysRevD.12.1884",
	reportNumber   = "SLAC-PUB-1528",
	SLACcitation   = "%%CITATION = PHRVA,D12,1884;%%"
}

@Article{Seely:2009gt,
     author    = "Seely, J. and others",
     title     = "{New measurements of the EMC effect in very light nuclei}",
     journal   = "Phys. Rev. Lett.",
     volume    = "103",
     year      = "2009",
     pages     = "202301",
     eprint    = "0904.4448",
     archivePrefix = "arXiv",
     primaryClass  =  "nucl-ex",
     doi       = "10.1103/PhysRevLett.103.202301",
     SLACcitation  = "%%CITATION = 0904.4448;%%"
}

@article{Aubert:1983xm,
	author         = "Aubert, J.J. and others",
	title          = "{The ratio of the nucleon structure functions $F2_n$ for
	iron and deuterium}",
	collaboration  = "European Muon",
	journal        = "Phys.Lett.",
	volume         = "B123",
	pages          = "275",
	doi            = "10.1016/0370-2693(83)90437-9",
	year           = "1983",
	reportNumber   = "CERN-EP/83-14",
	SLACcitation   = "%%CITATION = PHLTA,B123,275;%%",
}


@misc{Higinbotham:2010ye,
     author    = "Higinbotham, D. W. and Gomez, J. and Piasetzky, E.",
     title     = "{Nuclear Scaling and the EMC Effect}",
     year      = "2010",
     eprint    = "1003.4497",
     archivePrefix = "arXiv",
     primaryClass  =  "hep-ph",
     SLACcitation  = "%%CITATION = 1003.4497;%%"
}

@article{Chen:2013oga,
	author         = "Chen, Xurong and Ruan, Jianhong and Wang, Rong and Zhang,
	Pengming and Zhu, Wei",
	title          = "{Applications of a nonlinear evolution equation II: the
	EMC effect}",
	journal        = "Int. J. Mod. Phys.",
	volume         = "E23",
	year           = "2014",
	number         = "10",
	pages          = "1450058",
	doi            = "10.1142/S021830131450058X",
	eprint         = "1306.1874",
	archivePrefix  = "arXiv",
	primaryClass   = "hep-ph",
	SLACcitation   = "%%CITATION = ARXIV:1306.1874;%%"
}

@article{PhysRevLett.61.1061,
	title = {Precision Measurement of $R=\frac{{\ensuremath{\sigma}}_{L}}{{\ensuremath{\sigma}}_{T}}$ and ${F}_{2}$ in Deep-Inelastic Electron Scattering},
	author = {Dasu, S. et al.},
	journal = {Phys. Rev. Lett.},
	volume = {61},
	issue = {9},
	pages = {1061--1064},
	numpages = {0},
	year = {1988},
	month = {Aug},
	publisher = {American Physical Society},
	doi = {10.1103/PhysRevLett.61.1061},
	url = {http://link.aps.org/doi/10.1103/PhysRevLett.61.1061}
}


@ARTICLE{duan-2007-50,
  author = {Chun-Gui Duan and Na Liu and Zhan-Yuan Yan},
  title = {The extraction of nuclear sea quark distribution and energy loss effect   in Drell-Yan experiment},
  journal = {EUR.PHYS.J.C},
  volume = {50},
  pages = {585},
  url = {doi:10.1140/epjc/s10052-007-0229-3},
  year = {2007}
}

@Article{Duan:2004cw,
     author    = "Duan, Chun-Gui and Cui, Shu-Wen and Yan, Zhan-Yuan and Li,
                  Guang-Lie",
     title     = "{Quark energy loss and shadowing in nuclear Drell-Yan
                  process}",
     journal   = "Commun. Theor. Phys.",
     volume    = "44",
     year      = "2005",
     pages     = "123-127",
     eprint    = "hep-ph/0408172",
     archivePrefix = "arXiv",
     doi       = "10.1088/6102/44/1/123",
     SLACcitation  = "%%CITATION = HEP-PH/0408172;%%"
}

@article{PhysRevLett.96.082501,
  title = {Measurement of Two- and Three-Nucleon Short-Range Correlation Probabilities in Nuclei},
  month = {Mar},
  journal = {Phys. Rev. Lett.},
  doi = {10.1103/PhysRevLett.96.082501},
  author = {Egiyan, K. S. and others},
  year = {2006},
  issue = {8},
  url = {\url{http://link.aps.org/doi/10.1103/PhysRevLett.96.082501}},
  numpages = {6},
  collaboration = {CLAS Collaboration},
  publisher = {American Physical Society},
  pages = {082501},
  volume = {96}
}

@article{Subedi:2008zz,
      author         = "Subedi, R. and Shneor, R. and Monaghan, P. and Anderson,
                        B.D. and Aniol, K. and others",
      title          = "{Probing Cold Dense Nuclear Matter}",
      journal        = "Science",
      volume         = "320",
      pages          = "1476-1478",
      doi            = "10.1126/science.1156675",
      year           = "2008",
      eprint         = "0908.1514",
      archivePrefix  = "arXiv",
      primaryClass   = "nucl-ex",
}

@article{Bethke:2006ac,
	author         = "Bethke, Siegfried",
	title          = "{Experimental tests of asymptotic freedom}",
	journal        = "Prog. Part. Nucl. Phys.",
	volume         = "58",
	year           = "2007",
	pages          = "351-386",
	doi            = "10.1016/j.ppnp.2006.06.001",
	eprint         = "hep-ex/0606035",
	archivePrefix  = "arXiv",
	primaryClass   = "hep-ex",
	reportNumber   = "MPE-2006-54",
	SLACcitation   = "%%CITATION = HEP-EX/0606035;%%"
}

@Article{RajSubedi:2007zz,
     author    = "Raj Subedi, Ramesh",
     title     = "{Studying short-range correlations with the C-12(e, e-prime
                  p n) reaction}",
     note     = "JLAB-PHY-07-804"
}

@article{PhysRevLett.25.316,
	title = {Massive Lepton-Pair Production in Hadron-Hadron Collisions at High Energies},
	author = {Drell, Sidney D. and Yan, Tung-Mow},
	journal = {Phys. Rev. Lett.},
	volume = {25},
	issue = {5},
	pages = {316--320},
	numpages = {0},
	year = {1970},
	month = {Aug},
	publisher = {American Physical Society},
	doi = {10.1103/PhysRevLett.25.316},
	url = {http://link.aps.org/doi/10.1103/PhysRevLett.25.316}
}


@Article{Bjorken:ja,
     author    = "Bjorken, J. D. and Paschos, Emmanuel A.",
     title     = "INELASTIC ELECTRON PROTON AND gamma PROTON SCATTERING, AND
                  THE STRUCTURE OF THE NUCLEON",
     journal   = "Phys. Rev.",
     volume    = "185",
     year      = "1969",
     pages     = "1975-1982",
     SLACcitation  = "%%CITATION = PHRVA,185,1975;%%"
}

@article{Hen:2012fm,
	author         = "Hen, O. and Piasetzky, E. and Weinstein, L.B.",
	title          = "{New data strengthen the connection between Short Range
	Correlations and the EMC effect}",
	journal        = "Phys.Rev.",
	volume         = "C85",
	pages          = "047301",
	doi            = "10.1103/PhysRevC.85.047301",
	year           = "2012",
	eprint         = "1202.3452",
	archivePrefix  = "arXiv",
	primaryClass   = "nucl-ex",
	SLACcitation   = "%%CITATION = ARXIV:1202.3452;%%",
}

@article{Piasetzky:2012yp,
	author         = "Piasetzky, E. and Hen, O. and Weinstein, L.B.",
	title          = "{Disentangling the EMC Effect}",
	journal        = "AIP Conf.Proc.",
	volume         = "1560",
	pages          = "355-362",
	doi            = "10.1063/1.4826792",
	year           = "2013",
	eprint         = "1209.0636",
	archivePrefix  = "arXiv",
	primaryClass   = "nucl-ex",
	SLACcitation   = "%%CITATION = ARXIV:1209.0636;%%",
}

@article{Guzey:2012yk,
	author         = "Guzey, Vadim and Zhu, Lingyan and Keppel, Cynthia E. and
	Christy, M. Eric and Gaskell, Dave and Solvignon, Patricia
	and Accardi, Alberto",
	title          = "{Impact of nuclear dependence of $R=\sigma_L/\sigma_T$ on
	antishadowing in nuclear structure functions}",
	journal        = "Phys. Rev.",
	volume         = "C86",
	year           = "2012",
	pages          = "045201",
	doi            = "10.1103/PhysRevC.86.045201",
	eprint         = "1207.0131",
	archivePrefix  = "arXiv",
	primaryClass   = "hep-ph",
	reportNumber   = "JLAB-PHY-12-1626",
	SLACcitation   = "%%CITATION = ARXIV:1207.0131;%%"
}

@article{Dasu:1993vk,
	author         = "Dasu, S. and others",
	title          = "{Measurement of kinematic and nuclear dependence of R =
	sigma-L / sigma-t in deep inelastic electron scattering}",
	journal        = "Phys. Rev.",
	volume         = "D49",
	year           = "1994",
	pages          = "5641-5670",
	doi            = "10.1103/PhysRevD.49.5641",
	reportNumber   = "SLAC-PUB-5814, UR-1304, ER-40685-753",
	SLACcitation   = "%%CITATION = PHRVA,D49,5641;%%"
}

@article{Rith:2014tma,
	author         = "Rith, Klaus",
	title          = "{Present Status of the EMC effect}",
	booktitle      = "{Reflections on the next step for LHC}",
	journal        = "Subnucl. Ser.",
	volume         = "51",
	year           = "2015",
	pages          = "431-449",
	eprint         = "1402.5000",
	archivePrefix  = "arXiv",
	primaryClass   = "hep-ex",
	SLACcitation   = "%%CITATION = ARXIV:1402.5000;%%"
}

@article{Frankfurt:2012qs,
	author         = "Frankfurt, Leonid and Strikman, Mark",
	title          = "{QCD and QED dynamics in the EMC effect}",
	journal        = "Int. J. Mod. Phys.",
	volume         = "E21",
	year           = "2012",
	pages          = "1230002",
	doi            = "10.1142/S0218301312300020",
	eprint         = "1203.5278",
	archivePrefix  = "arXiv",
	primaryClass   = "hep-ph",
	SLACcitation   = "%%CITATION = ARXIV:1203.5278;%%"
}

@article{PhysRevD.23.1070,
	title = {Fermi-motion effects in deep-inelastic lepton scattering from nuclear targets},
	author = {Bodek, A. and Ritchie, J. L.},
	journal = {Phys. Rev. D},
	volume = {23},
	issue = {5},
	pages = {1070--1091},
	numpages = {0},
	year = {1981},
	month = {Mar},
	publisher = {American Physical Society},
	doi = {10.1103/PhysRevD.23.1070},
	url = {http://link.aps.org/doi/10.1103/PhysRevD.23.1070}
}

@article{PhysRevLett.50.1431,
	title = {Electron Scattering from Nuclear Targets and Quark Distributions in Nuclei},
	author = {Bodek, A. and Giokaris, N. and Atwood, W. B. and Coward, D. H. and Sherden, D. J. and Dubin, D. L. and Elias, J. E. and Friedman, J. I. and Kendall, H. W. and Poucher, J. S. and Riordan, E. M.},
	journal = {Phys. Rev. Lett.},
	volume = {50},
	issue = {19},
	pages = {1431--1434},
	numpages = {0},
	year = {1983},
	month = {May},
	publisher = {American Physical Society},
	doi = {10.1103/PhysRevLett.50.1431},
	url = {http://link.aps.org/doi/10.1103/PhysRevLett.50.1431}
}

@article{Fomin:2011ng,
	author         = "Fomin, N. and others",
	title          = "{New measurements of high-momentum nucleons and
	short-range structures in nuclei}",
	journal        = "Phys. Rev. Lett.",
	volume         = "108",
	year           = "2012",
	pages          = "092502",
	doi            = "10.1103/PhysRevLett.108.092502",
	eprint         = "1107.3583",
	archivePrefix  = "arXiv",
	primaryClass   = "nucl-ex",
	reportNumber   = "JLAB-PHY-11-1408",
	SLACcitation   = "%%CITATION = ARXIV:1107.3583;%%"
}

@article{Kenyon:1982tg,
	author         = "Kenyon, I. R.",
	title          = "{The {Drell-Yan} Process}",
	journal        = "Rept. Prog. Phys.",
	volume         = "45",
	year           = "1982",
	pages          = "1261",
	doi            = "10.1088/0034-4885/45/11/002",
	reportNumber   = "CERN-EP/82-81",
	SLACcitation   = "%%CITATION = RPPHA,45,1261;%%"
}

@article{Hogan:1979tu,
	author         = "Hogan, G. E. and others",
	title          = "{Comparison of Muon Pair Production to the Quark -
	Anti-quark Annihilation Model}",
	journal        = "Phys. Rev. Lett.",
	volume         = "42",
	year           = "1979",
	pages          = "948",
	doi            = "10.1103/PhysRevLett.42.948",
	reportNumber   = "FERMILAB-PUB-79-105-E, EFI-79-7-CHICAGO",
	SLACcitation   = "%%CITATION = PRLTA,42,948;%%"
}

@article{Szczurek:1993sc,
	author         = "Szczurek, A. and Speth, J. and Garvey, G. T.",
	title          = "{Meson cloud in the nucleon and anti-u - anti-d asymmetry
	from the Drell-Yan processes}",
	journal        = "Nucl. Phys.",
	volume         = "A570",
	year           = "1994",
	pages          = "765-781",
	doi            = "10.1016/0375-9474(94)90082-5",
	note           = "[Acta Phys. Polon.B24,1833(1994)]",
	reportNumber   = "KFA-IKP-TH-1993-13",
	SLACcitation   = "%%CITATION = NUPHA,A570,765;%%"
}

@article{Peng:1998pa,
	author         = "Peng, J. C. and others",
	title          = "{Anti-d / anti-u asymmetry and the origin of the nucleon
	sea}",
	collaboration  = "NuSea",
	journal        = "Phys. Rev.",
	volume         = "D58",
	year           = "1998",
	pages          = "092004",
	doi            = "10.1103/PhysRevD.58.092004",
	eprint         = "hep-ph/9804288",
	archivePrefix  = "arXiv",
	primaryClass   = "hep-ph",
	reportNumber   = "FERMILAB-PUB-98-108-E",
	SLACcitation   = "%%CITATION = HEP-PH/9804288;%%"
}

@article{Thomas:1983fh,
	author         = "Thomas, Anthony William",
	title          = "{A Limit on the Pionic Component of the Nucleon Through
	SU(3) Flavor Breaking in the Sea}",
	journal        = "Phys. Lett.",
	volume         = "B126",
	year           = "1983",
	pages          = "97-100",
	doi            = "10.1016/0370-2693(83)90026-6",
	reportNumber   = "CERN-TH-3552",
	SLACcitation   = "%%CITATION = PHLTA,B126,97;%%"
}

@article{Ross:1978xk,
	author         = "Ross, D. A. and Sachrajda, Christopher T.",
	title          = "{Flavor Symmetry Breaking in anti-Quark Distributions}",
	journal        = "Nucl. Phys.",
	volume         = "B149",
	year           = "1979",
	pages          = "497-516",
	doi            = "10.1016/0550-3213(79)90004-X",
	reportNumber   = "CERN-TH-2565",
	SLACcitation   = "%%CITATION = NUPHA,B149,497;%%"
}

@inproceedings{Miller:1988hj,
	author         = "Miller, Gerald A.",
	title          = "{NUCLEAR WAVE FUNCTIONS IN DEEP INELASTIC SCATTERING AND
	DRELL-YAN PROCESSES}",
	booktitle      = "{Workshop on Nuclear and Particle Physics on the Light
	Cone Los Alamos, New Mexico, July 18-22, 1988}",
	year           = "1988",
	reportNumber   = "DOE-ER-40427-28-N8",
	SLACcitation   = "%%CITATION = DOE-ER-40427-28-N8;%%"
}

@article{Einstein:1905cc,
	author         = "Einstein, Albert",
	title          = "{Concerning an heuristic point of view toward the
	emission and transformation of light}",
	journal        = "Annalen Phys.",
	volume         = "17",
	year           = "1905",
	pages          = "132-148",
	SLACcitation   = "%%CITATION = ANPYA,17,132;%%"
}

@article{Szczurek:1996tp,
	author         = "Szczurek, Antoni and Buchmann, Alfons J. and Faessler,
	Amand",
	title          = "{On the flavor structure of the constituent quark}",
	journal        = "J. Phys.",
	volume         = "G22",
	year           = "1996",
	pages          = "1741-1750",
	doi            = "10.1088/0954-3899/22/12/004",
	eprint         = "nucl-th/9609042",
	archivePrefix  = "arXiv",
	primaryClass   = "nucl-th",
	SLACcitation   = "%%CITATION = NUCL-TH/9609042;%%"
}

@article{Kumano:1990mm,
	author         = "Kumano, S.",
	title          = "{pi N N form-factor for explaining sea quark
	distributions in the nucleon}",
	journal        = "Phys. Rev.",
	volume         = "D43",
	year           = "1991",
	pages          = "59-63",
	doi            = "10.1103/PhysRevD.43.59",
	reportNumber   = "IU-NTC-90-08-REV, IU-NTC-90-08",
	SLACcitation   = "%%CITATION = PHRVA,D43,59;%%"
}

@article{GrossoPilcher:1986nk,
	author         = "Grosso-Pilcher, C. and Shochet, M. J.",
	title          = "{High Mass Dilepton Production in Hadron Collisions}",
	journal        = "Ann. Rev. Nucl. Part. Sci.",
	volume         = "36",
	year           = "1986",
	pages          = "1-28",
	doi            = "10.1146/annurev.ns.36.120186.000245",
	reportNumber   = "EFI-86-06-CHICAGO",
	SLACcitation   = "%%CITATION = ARNUA,36,1;%%"
}

@article{Koepf:1995yh,
	author         = "Koepf, W. and Frankfurt, L. L. and Strikman, M.",
	title          = "{The Nucleon's virtual meson cloud and deep inelastic
	lepton scattering}",
	journal        = "Phys. Rev.",
	volume         = "D53",
	year           = "1996",
	pages          = "2586-2598",
	doi            = "10.1103/PhysRevD.53.2586",
	eprint         = "hep-ph/9507218",
	archivePrefix  = "arXiv",
	primaryClass   = "hep-ph",
	reportNumber   = "TAUP-2273-95",
	SLACcitation   = "%%CITATION = HEP-PH/9507218;%%"
}

@article{Carlson:1997qn,
	author         = "Carlson, J. and Schiavilla, R.",
	title          = "{Structure and dynamics of few nucleon systems}",
	journal        = "Rev. Mod. Phys.",
	volume         = "70",
	year           = "1998",
	pages          = "743-842",
	doi            = "10.1103/RevModPhys.70.743",
	reportNumber   = "JLAB-THY-97-20",
	SLACcitation   = "%%CITATION = RMPHA,70,743;%%"
}

@article{Matsuura:1988sm,
	author         = "Matsuura, T. and van der Marck, S. C. and van Neerven, W.
	L.",
	title          = "{The Calculation of the Second Order Soft and Virtual
	Contributions to the Drell-Yan Cross-Section}",
	journal        = "Nucl. Phys.",
	volume         = "B319",
	year           = "1989",
	pages          = "570",
	doi            = "10.1016/0550-3213(89)90620-2",
	reportNumber   = "Print-88-0798 (LEIDEN)",
	SLACcitation   = "%%CITATION = NUPHA,B319,570;%%"
}

@misc{Hen:2014vua,
	author         = "Hen, O. and Weinstein, L. B. and Gilad, S. and Wood, S. A.",
	title          = "{In Medium Nucleon Structure Functions, SRC, and the EMC	effect}",
	year           = "2014",
	eprint         = "1409.1717",
	archivePrefix  = "arXiv",
	primaryClass   = "nucl-ex",
	SLACcitation   = "%%CITATION = ARXIV:1409.1717;%%"
}

@article{Berger:1985dr,
	author         = "Berger, Edmond L.",
	title          = "{Nuclear Effects in Massive Lepton Pair Production}",
	journal        = "Nucl. Phys.",
	volume         = "B267",
	year           = "1986",
	pages          = "231",
	doi            = "10.1016/0550-3213(86)90152-5",
	reportNumber   = "ANL-HEP-PR-85-102",
	SLACcitation   = "%%CITATION = NUPHA,B267,231;%%"
}

@article{Vasilev:1999fa,
	author         = "Vasilev, M. A. and others",
	title          = "{Parton energy loss limits and shadowing in Drell-Yan
	dimuon production}",
	collaboration  = "NuSea",
	journal        = "Phys. Rev. Lett.",
	volume         = "83",
	year           = "1999",
	pages          = "2304-2307",
	doi            = "10.1103/PhysRevLett.83.2304",
	eprint         = "hep-ex/9906010",
	archivePrefix  = "arXiv",
	primaryClass   = "hep-ex",
	SLACcitation   = "%%CITATION = HEP-EX/9906010;%%"
}

@article{Frankfurt:1993sp,
	author         = "Frankfurt, L. L. and Strikman, M. I. and Day, D. B. and
	Sargsian, M.",
	title          = "{Evidence for short range correlations from high Q**2 (e,
	e-prime) reactions}",
	journal        = "Phys. Rev.",
	volume         = "C48",
	year           = "1993",
	pages          = "2451-2461",
	doi            = "10.1103/PhysRevC.48.2451",
	SLACcitation   = "%%CITATION = PHRVA,C48,2451;%%"
}

@article{PhysRevD.67.012005,
	Author = {Alavi-Harati, A. and Alexopoulos, T. and Arenton, M. and Arisaka, K. and Averitte, S. and Barbosa, R. F. and Barker, A. R. and Barrio, M. and Bellantoni, L. and Bellavance, A. and Belz, J. and Bergman, D. R. and Blucher, E. and Bock, G. J. and Bown, C. and Bright, S. and Cheu, E. and Childress, S. and Coleman, R. and Corcoran, M. D. and Corti, G. and Cox, B. and Erwin, A. R. and Ford, R. and Glazov, A. and Golossanov, A. and Graham, G. and Graham, J. and Halkiadakis, E. and Hamm, J. and Hanagaki, K. and Hsiung, Y. B. and Jejer, V. and Jensen, D. A. and Kessler, R. and Kobrak, H. G. E. and LaDue, J. and Lath, A. and Ledovskoy, A. and McBride, P. L. and Mikelsons, P. and Monnier, E. and Nakaya, T. and Nelson, K. S. and Nguyen, H. and O'Dell, V. and Pang, M. and Pordes, R. and Prasad, V. and Qi, X. R. and Quinn, B. and Ramberg, E. J. and Ray, R. E. and Roodman, A. and Schnetzer, S. and Senyo, K. and Shanahan, P. and Shawhan, P. S. and Shields, J. and Slater, W. and Solomey, N. and Somalwar, S. V. and Stone, R. L. and Swallow, E. C. and Taegar, S. A. and Tesarek, R. J. and Thomson, G. B. and Toale, P. A. and Tripathi, A. and Tschirhart, R. and Turner, S. E. and Wah, Y. W. and Wang, J. and White, H. B. and Whitmore, J. and Winstein, B. and Winston, R. and Yamanaka, T. and Zimmerman, E. D.},
	Collaboration = {KTeV Collaboration},
	Doi = {10.1103/PhysRevD.67.012005},
	Issue = {1},
	Journal = {Phys. Rev. D},
	Month = {Jan},
	Numpages = {33},
	Pages = {012005},
	Publisher = {American Physical Society},
	Title = {Measurements of direct $\mathrm{CP}$ violation, $\mathrm{CPT}$ symmetry, and other parameters in the neutral kaon system},
	Url = {\url{http://link.aps.org/doi/10.1103/PhysRevD.67.012005}},
	Volume = {67},
	Year = {2003},
	Bdsk-Url-1 = {\url{http://link.aps.org/doi/10.1103/PhysRevD.67.012005}},
	Bdsk-Url-2 = {\url{http://dx.doi.org/10.1103/PhysRevD.67.012005}}
}

@techreport{NevisCyclotron,
	Author = {R.W. Fast and others},
	Date-Added = {2015-09-28 18:39:06 +0000},
	Date-Modified = {2015-09-28 18:43:00 +0000},
	Institution = {Fermilab},
	Year = {2015},
	Number = {FERMILAB-TM-1034},
	Title = {14.4 m Large Aperture Analysis Magnet with Aluminum Coils}}

@article{Towell:2001nh,
	Author = {Towell, R. S. and others},
	Collaboration = {FNAL E866/NuSea},
	Date-Added = {2015-08-21 21:49:27 +0000},
	Date-Modified = {2015-08-21 21:49:27 +0000},
	Eprint = {hep-ex/0103030},
	Journal = {Phys. Rev.},
	Pages = {052002},
	Slaccitation = {%%CITATION = HEP-EX 0103030;%%},
	Title = {Improved measurement of the anti-d/anti-u asymmetry in the nucleon sea},
	Volume = {D64},
	Year = {2001}}

@article{Kerns:1977qr,
	author         = "Kerns, C. R.",
	title          = "{A High Rate Phototube Base}",
	journal        = "IEEE Trans. Nucl. Sci.",
	volume         = "24",
	year           = "1977",
	pages          = "353-355",
	doi            = "10.1109/TNS.1977.4328701",
	SLACcitation   = "%%CITATION = IETNA,24,353;%%"
}

@misc{wmc:mosfet,
	author =   {Ohare, Brews},
	title =    {MOSFET Structure},
	howpublished = {\url{https://commons.wikimedia.org/wiki/File:MOSFET_Structure.png}},
	month =    mar,
	year =     2012,
	organization = {WikiMedia Commons},
	note = {Accessed: 2016-02-01}
}

@article{PhysRevLett.80.3715,
	Author = {Hawker, E. A. et al.},
	Collaboration = {(Fermilab E866/NuSea Collaboration)},
	Date-Added = {2015-08-21 21:49:08 +0000},
	Date-Modified = {2015-08-21 21:49:08 +0000},
	Doi = {10.1103/PhysRevLett.80.3715},
	Issue = {17},
	Journal = {Phys. Rev. Lett.},
	Month = {Apr},
	Pages = {3715--3718},
	Publisher = {American Physical Society},
	Title = {Measurement of the Light Antiquark Flavor Asymmetry in the Nucleon Sea},
	Volume = {80},
	Year = {1998},
	Bdsk-Url-1 = {\url{http://link.aps.org/doi/10.1103/PhysRevLett.80.3715}},
	Bdsk-Url-2 = {\url{http://dx.doi.org/10.1103/PhysRevLett.80.3715}}}

@article{PhysRevLett.64.2479,
	Author = {Alde, D. M. and Baer, H. W. and Carey, T. A. and Garvey, G. T. and Klein, A. and Lee, C. and Leitch, M. J. and Lillberg, J. W. and McGaughey, P. L. and Mishra, C. S. and Moss, J. M. and Peng, J. C. and Brown, C. N. and Cooper, W. E. and Hsiung, Y. B. and Adams, M. R. and Guo, R. and Kaplan, D. M. and McCarthy, R. L. and Danner, G. and Wang, M. J. and Barlett, M. L. and Hoffmann, G. W.},
	Date-Added = {2015-08-21 21:48:53 +0000},
	Date-Modified = {2015-08-21 21:48:53 +0000},
	Doi = {10.1103/PhysRevLett.64.2479},
	Journal = {Phys. Rev. Lett.},
	Month = {May},
	Number = {21},
	Numpages = {3},
	Pages = {2479--2482},
	Publisher = {American Physical Society},
	Title = {Nuclear dependence of dimuon production at 800 GeV},
	Volume = {64},
	Year = {1990},
	Bdsk-Url-1 = {\url{http://dx.doi.org/10.1103/PhysRevLett.64.2479}}
}

@article{PhysRevD.43.2815,
	Author = {Moreno, G. and Brown, C. N. and Cooper, W. E. and Finley, D. and Hsiung, Y. B. and Jonckheere, A. M. and Jostlein, H. and Kaplan, D. M. and Lederman, L. M. and Hemmi, Y. and Imai, K. and Miyake, K. and Nakamura, T. and Sasao, N. and Tamura, N. and Yoshida, T. and Maki, A. and Sakai, Y. and Gray, R. and Luk, K. B. and Rutherfoord, J. P. and Straub, P. B. and Williams, R. W. and Young, K. K. and Adams, M. R. and Glass, H. and Jaffe, D.},
	Date-Added = {2015-08-21 21:48:36 +0000},
	Date-Modified = {2015-08-21 21:48:36 +0000},
	Doi = {10.1103/PhysRevD.43.2815},
	Journal = {Phys. Rev. D},
	Month = {May},
	Number = {9},
	Numpages = {20},
	Pages = {2815--2835},
	Publisher = {American Physical Society},
	Title = {Dimuon production in proton-copper collisions at $\sqrt{s}=38.8$ GeV},
	Volume = {43},
	Year = {1991},
	Bdsk-Url-1 = {\url{http://dx.doi.org/10.1103/PhysRevD.43.2815}}
}

@article{PhysRevD.8.2016,
	Author = {Christenson, J. H. and Hicks, G. S. and Lederman, L. M. and Limon, P. J. and Pope, B. G. and Zavattini, E.},
	Date-Added = {2015-08-21 21:48:23 +0000},
	Date-Modified = {2015-08-21 21:48:23 +0000},
	Doi = {10.1103/PhysRevD.8.2016},
	Journal = {Phys. Rev. D},
	Month = {Oct},
	Number = {7},
	Numpages = {18},
	Pages = {2016--2034},
	Publisher = {American Physical Society},
	Title = {Observation of Muon Pairs in High-Energy Hadron Collisions},
	Volume = {8},
	Year = {1973},
	Bdsk-Url-1 = {\url{http://dx.doi.org/10.1103/PhysRevD.8.2016}}
}

@article{PhysRevLett.25.1523,
	Author = {Christenson, J. H. and Hicks, G. S. and Lederman, L. M. and Limon, P. J. and Pope, B. G. and Zavattini, E.},
	Date-Added = {2015-08-21 21:47:44 +0000},
	Date-Modified = {2015-08-21 21:47:44 +0000},
	Doi = {10.1103/PhysRevLett.25.1523},
	Journal = {Phys. Rev. Lett.},
	Month = {Nov},
	Number = {21},
	Numpages = {3},
	Pages = {1523--1526},
	Publisher = {American Physical Society},
	Title = {Observation of Massive Muon Pairs in Hadron Collisions},
	Volume = {25},
	Year = {1970},
	Bdsk-Url-1 = {\url{http://dx.doi.org/10.1103/PhysRevLett.25.1523}}
}

@article{Kerns,
	Author = {C.R. Kerns},
	Date-Added = {2015-07-15 18:56:10 +0000},
	Date-Modified = {2015-07-15 18:57:24 +0000},
	Journal = {IEEE Transactions on Nuclear Science},
	Number = {1},
	Pages = {353-355},
	Title = {A High-Rate Phototube Base},
	Volume = {24},
	Year = {1977}}

@article{ASDQ,
	Author = {W.M. Bokhari, J.G. Heinrich, N.S. Lockyer and F.M. Newcomer},
	Date-Added = {2015-07-13 19:54:15 +0000},
	Date-Modified = {2015-07-16 14:36:41 +0000},
	Journal = {Nuclear Science Symposium, 1998 Conference Record},
	Pages = {445-446},
	Title = {The {ASDQ} {ASIC}},
	Volume = {1},
	Year = {1998}}

@article{QIE,
	Author = {T. Zimmerman and J. Hoff},
	Date-Added = {2015-07-07 20:21:31 +0000},
	Date-Modified = {2015-07-16 14:38:54 +0000},
	Journal = {IEEE J. Solid State Circuits},
	Pages = {895-905},
	Title = {The Design of a Charge Integrating, Modified Floating Point {ADC} Chip},
	Volume = {39},
	Year = {2004}}

@article{PhysRevLett.25.902.2,
	Author = {Drell, Sidney D. and Yan, Tung-Mow},
	Date-Added = {2015-07-06 19:10:53 +0000},
	Date-Modified = {2015-07-06 19:10:53 +0000},
	Journal = {Phys. Rev. Lett.},
	Month = {Sep},
	Number = {13},
	Numpages = {1},
	Pages = {902},
	Publisher = {American Physical Society},
	Title = {Massive Lepton-Pair Production in Hadron-Hadron Collisions at High Energies},
	Volume = {25},
	Year = {1970},
	Bdsk-Url-1 = {\url{http://dx.doi.org/10.1103/PhysRevLett.25.902.2}}
}

@manual{TI,
	Author = {Ed Jastrzembski},
	Organization = {JLab},
	Timestamp = {2015.05.22},
	Title = {VME Trigger Interface},
	Url = {\url{https://userweb.jlab.org/~moffit/meetings/docs/VmeTIRManual.pdf}},
	Bdsk-Url-1 = {\url{https://userweb.jlab.org/~moffit/meetings/docs/VmeTIRManual.pdf}}
}

@manual{TS,
	Abstract = {Trigger Supervisor v2 (TS) - CODA - Jefferson Lab},
	Author = {Ed Jastrzembski},
	Organization = {JLab},
	Timestamp = {2015.05.22},
	Title = {Trigger Supervisor v2 (TS)},
	Url = {\url{https://coda.jlab.org/drupal/system/files/pdfs/HardwareManual/misc/Trigger\%20Supervisor\%20V2.pdf}},
	Bdsk-Url-1 = {\url{https://coda.jlab.org/drupal/system/files/pdfs/HardwareManual/misc/Trigger%5C%20Supervisor%5C%20V2.pdf}}}

@manual{SIS3610,
	Timestamp = {2015.06.09},
	Title = {SIS3610 16 In/16 Output Register},
	Url = {\url{http://www.struck.de/sis3610.htm}},
	Bdsk-Url-1 = {\url{http://www.struck.de/sis3610.htm}}
}

@article{Scale32,
	Author = {J. Bouvier, R. Foglio, E. Munoz, O. Rossetto, ``},
	Journal = {internal report t G0-99-017, LPSC 99-10.},
	Timestamp = {2015.06.09},
	Title = {Scale 32}}

@article{wang2014field,
	Author = {Wang, Su-Yin and Wu, Jinyuan and Yao, Shi-Hong and Chang, Wen-Chen},
	Date-Modified = {2015-07-16 14:36:06 +0000},
	Journal = {Nuclear Science, IEEE Transactions on},
	Number = {6},
	Pages = {3592--3598},
	Publisher = {IEEE},
	Title = {A Field-Programmable Gate Array ({FPGA}) {TDC} for the {F}ermilab {S}ea{Q}uest ({E}906) Experiment and Its Test with a Novel External Wave Union Launcher},
	Volume = {61},
	Year = {2014}}

@url{ProASIC3,
	Date-Modified = {2015-07-15 21:29:56 +0000},
	Howpublished = {Online},
	Owner = {Grass},
	Timestamp = {2015.05.21},
	Title = {Pro{ASIC3} Flash Family {FPGA}s with Optional Soft {ARM} Support.},
	Url = {\url{http://www.actel.com/documents/PA3_DS.pdf}},
	Bdsk-Url-1 = {\url{http://www.actel.com/documents/PA3_DS.pdf}}
}

@article{dalesio1994experimental,
	Author = {Dalesio, Leo R and Hill, Jeffrey O and Kraimer, Martin and Lewis, Stephen and Murray, Douglas and Hunt, Stephan and Watson, William and Clausen, Matthias and Dalesio, John},
	Journal = {Nuclear Instruments and Methods in Physics Research Section A: Accelerators, Spectrometers, Detectors and Associated Equipment},
	Number = {1},
	Pages = {179--184},
	Publisher = {Elsevier},
	Title = {The experimental physics and industrial control system architecture: past, present, and future},
	Volume = {352},
	Year = {1994}}

@article{nagy1986fermilab,
	Author = {Nagy, Frank J},
	Date-Modified = {2015-07-15 21:30:56 +0000},
	Journal = {Nuclear Instruments and Methods in Physics Research Section A: Accelerators, Spectrometers, Detectors and Associated Equipment},
	Number = {1},
	Pages = {208--214},
	Publisher = {Elsevier},
	Title = {The {F}ermilab accelerator controls networking system},
	Volume = {247},
	Year = {1986}}
