@article{Estermann:169E,
	author = "Estermann, I. and Frisch, R. and Stern, O.",
	title = "{Magnetic Moment of the Proton}",
	journal = "Nature",
	year = "1933",
	month = "jul",
	volume = "132",
	pages = "169-170",
	doi = {10.1038/132169a0},
	adsurl = {http://adsabs.harvard.edu/abs/1933Natur.132..169E},
	adsnote = {Provided by the SAO/NASA Astrophysics Data System}
}

@misc{caen:v1495,
	author = "CAEN",
	title = {v1495 General Purpose VME Board},
	howpublished = {http://www.caen.it/csite/CaenProd.jsp?idmod=484\&parent=11},
	note = {Accessed: 2016-01-26}
}

@article{Shiu:2015ura,
	author         = "Shiu, Shiuan-Hal and Wu, Jinyuan and McClellan, Randall
	Evan and Chang, Ting-Hua and Chang, Wen-Chen and Chen,
	Yen-Chu and Gilman, Ron and Nakano, Kenichi and Peng,
	Jen-Chieh and Wang, Su-Yin",
	title          = "{FPGA-based trigger system for the Fermilab SeaQuest
	experiment}",
	journal        = "Nucl. Instrum. Meth.",
	volume         = "A802",
	year           = "2015",
	pages          = "82-88",
	doi            = "10.1016/j.nima.2015.09.001",
	eprint         = "1509.04864",
	archivePrefix  = "arXiv",
	primaryClass   = "physics.ins-det",
	reportNumber   = "FERMILAB-PUB-15-391-E",
	SLACcitation   = "%%CITATION = ARXIV:1509.04864;%%"
}

@article{Rith:1986bf,
	author         = "Rith, Klaus",
	title          = "{THE EMC EFFECT}",
	year           = "1986",
	reportNumber   = "MPI-H-1986-V15",
	SLACcitation   = "%%CITATION = MPI-H-1986-V15 ETC.;%%",
}

@article{Alde:1990im,
	author         = "Alde, D.M. and Baer, H.W. and Carey, T.A. and Garvey,
	G.T. and Klein, A. and others",
	title          = "{Nuclear dependence of dimuon production at 800-GeV.
	FNAL-772 experiment}",
	journal        = "Phys.Rev.Lett.",
	volume         = "64",
	pages          = "2479-2482",
	doi            = "10.1103/PhysRevLett.64.2479",
	year           = "1990",
	SLACcitation   = "%%CITATION = PRLTA,64,2479;%%",
}

@article{Egiyan:2005hs,
	author         = "Egiyan, K.S. and others",
	title          = "{Measurement of 2- and 3-nucleon short range correlation
	probabilities in nuclei}",
	collaboration  = "CLAS",
	journal        = "Phys.Rev.Lett.",
	volume         = "96",
	pages          = "082501",
	doi            = "10.1103/PhysRevLett.96.082501",
	year           = "2006",
	eprint         = "nucl-ex/0508026",
	archivePrefix  = "arXiv",
	primaryClass   = "nucl-ex",
	reportNumber   = "JLAB-PHY-05-285",
	SLACcitation   = "%%CITATION = NUCL-EX/0508026;%%",
}

@article{Piasetzky:2011zz,
	author         = "Piasetzky, E. and Weinstein, L.B. and Higinbotham, D.W.
	and Gomez, J. and Hen, O. and others",
	title          = "{Short range correlations and the EMC effect}",
	journal        = "Nucl.Phys.",
	volume         = "A855",
	pages          = "245-248",
	doi            = "10.1016/j.nuclphysa.2011.02.050",
	year           = "2011",
	reportNumber   = "JLAB-PHY-11-1328",
	SLACcitation   = "%%CITATION = NUPHA,A855,245;%%",
}

@article{Peng:2011ds,
	author         = "Peng, J.C.",
	title          = "{Large-x PDFs and the Drell-Yan Process}",
	journal        = "AIP Conf.Proc.",
	volume         = "1369",
	pages          = "144-152",
	doi            = "10.1063/1.3631530",
	year           = "2011",
	eprint         = "1102.0060",
	archivePrefix  = "arXiv",
	primaryClass   = "nucl-ex",
	SLACcitation   = "%%CITATION = ARXIV:1102.0060;%%",
}

@article{Peng:2010tg,
	author         = "Peng, Jen-Chieh",
	title          = "{Partonic substructure of nucleons and nuclei with dimuon
	production}",
	journal        = "AIP Conf.Proc.",
	volume         = "1261",
	pages          = "61-66",
	doi            = "10.1063/1.3479363",
	year           = "2010",
	eprint         = "1004.4870",
	archivePrefix  = "arXiv",
	primaryClass   = "nucl-ex",
	SLACcitation   = "%%CITATION = ARXIV:1004.4870;%%",
}



@article{PhysRevC.76.055206,
  title = {Dependence of the wave function of a bound nucleon on its momentum and the EMC effect},
  month = {Nov},
  journal = {Phys. Rev. C},
  doi = {10.1103/PhysRevC.76.055206},
  author = {Atti, C. Ciofi degli and Frankfurt, L. L. and Kaptari, L. P. and Strikman, M. I.},
  year = {2007},
  issue = {5},
  url = {http://link.aps.org/doi/10.1103/PhysRevC.76.055206},
  numpages = {12},
  publisher = {American Physical Society},
  pages = {055206},
  volume = {76}
}

@Article{Drell:1970wh,
     author    = "Drell, S. D. and Yan, Tung-Mow",
     title     = "{Massive Lepton Pair Production in Hadron-Hadron Collisions
                  at High-Energies}",
     journal   = "Phys. Rev. Lett.",
     volume    = "25",
     year      = "1970",
     pages     = "316-320",
     doi       = "10.1103/PhysRevLett.25.316",
     note      = "[Erratum-ibid.25:902,1970]",
     SLACcitation  = "%%CITATION = PRLTA,25,316;%%"
}

@article{Geesaman:1995yd,
      author         = "Geesaman, Donald F. and Saito, K. and Thomas, Anthony
                        William",
      title          = "{The nuclear EMC effect}",
      journal        = "Ann.Rev.Nucl.Part.Sci.",
      volume         = "45",
      pages          = "337-390",
      doi            = "10.1146/annurev.ns.45.120195.002005",
      year           = "1995",
}

@article{PhysRevLett.90.042301,
  title = {$n\mathrm{\text{-}}p$ Short-Range Correlations from ($p,2p+n$) Measurements},
  month = {Jan},
  journal = {Phys. Rev. Lett.},
  doi = {10.1103/PhysRevLett.90.042301},
  author = {Tang, A. and others},
  year = {2003},
  issue = {4},
  url = {http://link.aps.org/doi/10.1103/PhysRevLett.90.042301},
  numpages = {4},
  publisher = {American Physical Society},
  pages = {042301},
  volume = {90}
}

@article{PhysRevC.53.1689,
  title = {Realistic model of the nucleon spectral function in few- and many-nucleon systems},
  month = {Apr},
  journal = {Phys. Rev. C},
  doi = {10.1103/PhysRevC.53.1689},
  author = {Ciofi degli Atti, C. and Simula, S.},
  year = {1996},
  issue = {4},
  url = {http://link.aps.org/doi/10.1103/PhysRevC.53.1689},
  publisher = {American Physical Society},
  pages = {1689--1710},
  volume = {53}
}

@Article{Pumplin:2002vw,
     author    = "Pumplin, J. and others",
     title     = "{New generation of parton distributions with uncertainties
                  from global QCD analysis}",
     journal   = "JHEP",
     volume    = "07",
     year      = "2002",
     pages     = "012",
     eprint    = "hep-ph/0201195",
     archivePrefix = "arXiv",
     SLACcitation  = "%%CITATION = HEP-PH/0201195;%%"
}

@Article{Cloet:2009qs,
     author    = "Cloet, I. C. and Bentz, W. and Thomas, A. W.",
     title     = "{Isovector EMC effect explains the NuTeV anomaly}",
     journal   = "Phys. Rev. Lett.",
     volume    = "102",
     year      = "2009",
     pages     = "252301",
     eprint    = "0901.3559",
     archivePrefix = "arXiv",
     primaryClass  =  "nucl-th",
     doi       = "10.1103/PhysRevLett.102.252301",
     SLACcitation  = "%%CITATION = 0901.3559;%%"
}

@Article{Arrington:2011xs,
     author    = "Arrington, J. and Higinbotham, D. W. and Rosner, G. and
                  Sargsian, M.",
     title     = "{Short-Range Nucleon-Nucleon Correlations}",
     year      = "2011",
     eprint    = "1104.1196",
     archivePrefix = "arXiv",
     primaryClass  =  "nucl-ex",
     SLACcitation  = "%%CITATION = 1104.1196;%%"
}

@Article{Seely:2009gt,
     author    = "Seely, J. and others",
     title     = "{New measurements of the EMC effect in very light nuclei}",
     journal   = "Phys. Rev. Lett.",
     volume    = "103",
     year      = "2009",
     pages     = "202301",
     eprint    = "0904.4448",
     archivePrefix = "arXiv",
     primaryClass  =  "nucl-ex",
     doi       = "10.1103/PhysRevLett.103.202301",
     SLACcitation  = "%%CITATION = 0904.4448;%%"
}

@article{Aubert:1983xm,
	author         = "Aubert, J.J. and others",
	title          = "{The ratio of the nucleon structure functions $F2_n$ for
	iron and deuterium}",
	collaboration  = "European Muon",
	journal        = "Phys.Lett.",
	volume         = "B123",
	pages          = "275",
	doi            = "10.1016/0370-2693(83)90437-9",
	year           = "1983",
	reportNumber   = "CERN-EP/83-14",
	SLACcitation   = "%%CITATION = PHLTA,B123,275;%%",
}


@Article{Higinbotham:2010ye,
     author    = "Higinbotham, D. W. and Gomez, J. and Piasetzky, E.",
     title     = "{Nuclear Scaling and the EMC Effect}",
     year      = "2010",
     eprint    = "1003.4497",
     archivePrefix = "arXiv",
     primaryClass  =  "hep-ph",
     SLACcitation  = "%%CITATION = 1003.4497;%%"
}

@ARTICLE{duan-2007-50,
  author = {Chun-Gui Duan and Na Liu and Zhan-Yuan Yan},
  title = {The extraction of nuclear sea quark distribution and energy loss effect   in Drell-Yan experiment},
  journal = {EUR.PHYS.J.C},
  volume = {50},
  pages = {585},
  url = {doi:10.1140/epjc/s10052-007-0229-3},
  year = {2007}
}

@Article{Duan:2004cw,
     author    = "Duan, Chun-Gui and Cui, Shu-Wen and Yan, Zhan-Yuan and Li,
                  Guang-Lie",
     title     = "{Quark energy loss and shadowing in nuclear Drell-Yan
                  process}",
     journal   = "Commun. Theor. Phys.",
     volume    = "44",
     year      = "2005",
     pages     = "123-127",
     eprint    = "hep-ph/0408172",
     archivePrefix = "arXiv",
     doi       = "10.1088/6102/44/1/123",
     SLACcitation  = "%%CITATION = HEP-PH/0408172;%%"
}

@article{PhysRevLett.96.082501,
  title = {Measurement of Two- and Three-Nucleon Short-Range Correlation Probabilities in Nuclei},
  month = {Mar},
  journal = {Phys. Rev. Lett.},
  doi = {10.1103/PhysRevLett.96.082501},
  author = {Egiyan, K. S. and others},
  year = {2006},
  issue = {8},
  url = {http://link.aps.org/doi/10.1103/PhysRevLett.96.082501},
  numpages = {6},
  collaboration = {CLAS Collaboration},
  publisher = {American Physical Society},
  pages = {082501},
  volume = {96}
}

@article{Subedi:2008zz,
      author         = "Subedi, R. and Shneor, R. and Monaghan, P. and Anderson,
                        B.D. and Aniol, K. and others",
      title          = "{Probing Cold Dense Nuclear Matter}",
      journal        = "Science",
      volume         = "320",
      pages          = "1476-1478",
      doi            = "10.1126/science.1156675",
      year           = "2008",
      eprint         = "0908.1514",
      archivePrefix  = "arXiv",
      primaryClass   = "nucl-ex",
}

@Article{RajSubedi:2007zz,
     author    = "Raj Subedi, Ramesh",
     title     = "{Studying short-range correlations with the C-12(e, e-prime
                  p n) reaction}",
     note     = "JLAB-PHY-07-804"
}

@Article{Bjorken:1969ja,
     author    = "Bjorken, J. D. and Paschos, Emmanuel A.",
     title     = "INELASTIC ELECTRON PROTON AND gamma PROTON SCATTERING, AND
                  THE STRUCTURE OF THE NUCLEON",
     journal   = "Phys. Rev.",
     volume    = "185",
     year      = "1969",
     pages     = "1975-1982",
     SLACcitation  = "%%CITATION = PHRVA,185,1975;%%"
}

@Book{Halzen,
     author    = "Halzen, F and Martin, A. D.",
     title     = "Quarks \& Leptons: An Introductory Course in Modern Particle Physics",
     publisher = "Wiley",
     year      = "1984",
}

@article{Hen:2012fm,
	author         = "Hen, O. and Piasetzky, E. and Weinstein, L.B.",
	title          = "{New data strengthen the connection between Short Range
	Correlations and the EMC effect}",
	journal        = "Phys.Rev.",
	volume         = "C85",
	pages          = "047301",
	doi            = "10.1103/PhysRevC.85.047301",
	year           = "2012",
	eprint         = "1202.3452",
	archivePrefix  = "arXiv",
	primaryClass   = "nucl-ex",
	SLACcitation   = "%%CITATION = ARXIV:1202.3452;%%",
}

@article{Piasetzky:2012yp,
	author         = "Piasetzky, E. and Hen, O. and Weinstein, L.B.",
	title          = "{Disentangling the EMC Effect}",
	journal        = "AIP Conf.Proc.",
	volume         = "1560",
	pages          = "355-362",
	doi            = "10.1063/1.4826792",
	year           = "2013",
	eprint         = "1209.0636",
	archivePrefix  = "arXiv",
	primaryClass   = "nucl-ex",
	SLACcitation   = "%%CITATION = ARXIV:1209.0636;%%",
}

@article{Rith:2014tma,
	author         = "Rith, Klaus",
	title          = "{Present Status of the EMC effect}",
	year           = "2014",
	eprint         = "1402.5000",
	archivePrefix  = "arXiv",
	primaryClass   = "hep-ex",
	SLACcitation   = "%%CITATION = ARXIV:1402.5000;%%",
}

@article{PhysRevD.67.012005,
	Author = {Alavi-Harati, A. and Alexopoulos, T. and Arenton, M. and Arisaka, K. and Averitte, S. and Barbosa, R. F. and Barker, A. R. and Barrio, M. and Bellantoni, L. and Bellavance, A. and Belz, J. and Bergman, D. R. and Blucher, E. and Bock, G. J. and Bown, C. and Bright, S. and Cheu, E. and Childress, S. and Coleman, R. and Corcoran, M. D. and Corti, G. and Cox, B. and Erwin, A. R. and Ford, R. and Glazov, A. and Golossanov, A. and Graham, G. and Graham, J. and Halkiadakis, E. and Hamm, J. and Hanagaki, K. and Hsiung, Y. B. and Jejer, V. and Jensen, D. A. and Kessler, R. and Kobrak, H. G. E. and LaDue, J. and Lath, A. and Ledovskoy, A. and McBride, P. L. and Mikelsons, P. and Monnier, E. and Nakaya, T. and Nelson, K. S. and Nguyen, H. and O'Dell, V. and Pang, M. and Pordes, R. and Prasad, V. and Qi, X. R. and Quinn, B. and Ramberg, E. J. and Ray, R. E. and Roodman, A. and Schnetzer, S. and Senyo, K. and Shanahan, P. and Shawhan, P. S. and Shields, J. and Slater, W. and Solomey, N. and Somalwar, S. V. and Stone, R. L. and Swallow, E. C. and Taegar, S. A. and Tesarek, R. J. and Thomson, G. B. and Toale, P. A. and Tripathi, A. and Tschirhart, R. and Turner, S. E. and Wah, Y. W. and Wang, J. and White, H. B. and Whitmore, J. and Winstein, B. and Winston, R. and Yamanaka, T. and Zimmerman, E. D.},
	Collaboration = {KTeV Collaboration},
	Doi = {10.1103/PhysRevD.67.012005},
	Issue = {1},
	Journal = {Phys. Rev. D},
	Month = {Jan},
	Numpages = {33},
	Pages = {012005},
	Publisher = {American Physical Society},
	Title = {Measurements of direct $\mathrm{CP}$ violation, $\mathrm{CPT}$ symmetry, and other parameters in the neutral kaon system},
	Url = {http://link.aps.org/doi/10.1103/PhysRevD.67.012005},
	Volume = {67},
	Year = {2003},
	Bdsk-Url-1 = {http://link.aps.org/doi/10.1103/PhysRevD.67.012005},
	Bdsk-Url-2 = {http://dx.doi.org/10.1103/PhysRevD.67.012005}}

@techreport{NevisCyclotron,
	Author = {R.W. Fast and others},
	Date-Added = {2015-09-28 18:39:06 +0000},
	Date-Modified = {2015-09-28 18:43:00 +0000},
	Institution = {Fermilab},
	Year = {2015},
	Number = {FERMILAB-TM-1034},
	Title = {14.4 m Large Aperture Analysis Magnet with Aluminum Coils}}

@article{Towell:2001nh,
	Author = {Towell, R. S. and others},
	Collaboration = {FNAL E866/NuSea},
	Date-Added = {2015-08-21 21:49:27 +0000},
	Date-Modified = {2015-08-21 21:49:27 +0000},
	Eprint = {hep-ex/0103030},
	Journal = {Phys. Rev.},
	Pages = {052002},
	Slaccitation = {%%CITATION = HEP-EX 0103030;%%},
	Title = {Improved measurement of the anti-d/anti-u asymmetry in the nucleon sea},
	Volume = {D64},
	Year = {2001}}

@article{PhysRevLett.80.3715,
	Author = {Hawker, E. A. and others},
	Collaboration = {(Fermilab E866/NuSea Collaboration)},
	Date-Added = {2015-08-21 21:49:08 +0000},
	Date-Modified = {2015-08-21 21:49:08 +0000},
	Doi = {10.1103/PhysRevLett.80.3715},
	Issue = {17},
	Journal = {Phys. Rev. Lett.},
	Month = {Apr},
	Pages = {3715--3718},
	Publisher = {American Physical Society},
	Title = {Measurement of the Light Antiquark Flavor Asymmetry in the Nucleon Sea},
	Volume = {80},
	Year = {1998},
	Bdsk-Url-1 = {http://link.aps.org/doi/10.1103/PhysRevLett.80.3715},
	Bdsk-Url-2 = {http://dx.doi.org/10.1103/PhysRevLett.80.3715}}

@article{PhysRevLett.64.2479,
	Author = {Alde, D. M. and Baer, H. W. and Carey, T. A. and Garvey, G. T. and Klein, A. and Lee, C. and Leitch, M. J. and Lillberg, J. W. and McGaughey, P. L. and Mishra, C. S. and Moss, J. M. and Peng, J. C. and Brown, C. N. and Cooper, W. E. and Hsiung, Y. B. and Adams, M. R. and Guo, R. and Kaplan, D. M. and McCarthy, R. L. and Danner, G. and Wang, M. J. and Barlett, M. L. and Hoffmann, G. W.},
	Date-Added = {2015-08-21 21:48:53 +0000},
	Date-Modified = {2015-08-21 21:48:53 +0000},
	Doi = {10.1103/PhysRevLett.64.2479},
	Journal = {Phys. Rev. Lett.},
	Month = {May},
	Number = {21},
	Numpages = {3},
	Pages = {2479--2482},
	Publisher = {American Physical Society},
	Title = {Nuclear dependence of dimuon production at 800 GeV},
	Volume = {64},
	Year = {1990},
	Bdsk-Url-1 = {http://dx.doi.org/10.1103/PhysRevLett.64.2479}}

@article{PhysRevD.43.2815,
	Author = {Moreno, G. and Brown, C. N. and Cooper, W. E. and Finley, D. and Hsiung, Y. B. and Jonckheere, A. M. and Jostlein, H. and Kaplan, D. M. and Lederman, L. M. and Hemmi, Y. and Imai, K. and Miyake, K. and Nakamura, T. and Sasao, N. and Tamura, N. and Yoshida, T. and Maki, A. and Sakai, Y. and Gray, R. and Luk, K. B. and Rutherfoord, J. P. and Straub, P. B. and Williams, R. W. and Young, K. K. and Adams, M. R. and Glass, H. and Jaffe, D.},
	Date-Added = {2015-08-21 21:48:36 +0000},
	Date-Modified = {2015-08-21 21:48:36 +0000},
	Doi = {10.1103/PhysRevD.43.2815},
	Journal = {Phys. Rev. D},
	Month = {May},
	Number = {9},
	Numpages = {20},
	Pages = {2815--2835},
	Publisher = {American Physical Society},
	Title = {Dimuon production in proton-copper collisions at $\sqrt{s}=38.8$ GeV},
	Volume = {43},
	Year = {1991},
	Bdsk-Url-1 = {http://dx.doi.org/10.1103/PhysRevD.43.2815}}

@article{PhysRevD.8.2016,
	Author = {Christenson, J. H. and Hicks, G. S. and Lederman, L. M. and Limon, P. J. and Pope, B. G. and Zavattini, E.},
	Date-Added = {2015-08-21 21:48:23 +0000},
	Date-Modified = {2015-08-21 21:48:23 +0000},
	Doi = {10.1103/PhysRevD.8.2016},
	Journal = {Phys. Rev. D},
	Month = {Oct},
	Number = {7},
	Numpages = {18},
	Pages = {2016--2034},
	Publisher = {American Physical Society},
	Title = {Observation of Muon Pairs in High-Energy Hadron Collisions},
	Volume = {8},
	Year = {1973},
	Bdsk-Url-1 = {http://dx.doi.org/10.1103/PhysRevD.8.2016}}

@article{PhysRevLett.25.1523,
	Author = {Christenson, J. H. and Hicks, G. S. and Lederman, L. M. and Limon, P. J. and Pope, B. G. and Zavattini, E.},
	Date-Added = {2015-08-21 21:47:44 +0000},
	Date-Modified = {2015-08-21 21:47:44 +0000},
	Doi = {10.1103/PhysRevLett.25.1523},
	Journal = {Phys. Rev. Lett.},
	Month = {Nov},
	Number = {21},
	Numpages = {3},
	Pages = {1523--1526},
	Publisher = {American Physical Society},
	Title = {Observation of Massive Muon Pairs in Hadron Collisions},
	Volume = {25},
	Year = {1970},
	Bdsk-Url-1 = {http://dx.doi.org/10.1103/PhysRevLett.25.1523}}

@article{Kerns,
	Author = {C.R. Kerns},
	Date-Added = {2015-07-15 18:56:10 +0000},
	Date-Modified = {2015-07-15 18:57:24 +0000},
	Journal = {IEEE Transactions on Nuclear Science},
	Number = {1},
	Pages = {353-355},
	Title = {A High-Rate Phototube Base},
	Volume = {24},
	Year = {1977}}

@article{ASDQ,
	Author = {W.M. Bokhari, J.G. Heinrich, N.S. Lockyer and F.M. Newcomer},
	Date-Added = {2015-07-13 19:54:15 +0000},
	Date-Modified = {2015-07-16 14:36:41 +0000},
	Journal = {Nuclear Science Symposium, 1998 Conference Record},
	Pages = {445-446},
	Title = {The {ASDQ} {ASIC}},
	Volume = {1},
	Year = {1998}}

@article{QIE,
	Author = {T. Zimmerman and J. Hoff},
	Date-Added = {2015-07-07 20:21:31 +0000},
	Date-Modified = {2015-07-16 14:38:54 +0000},
	Journal = {IEEE J. Solid State Circuits},
	Pages = {895-905},
	Title = {The Design of a Charge Integrating, Modified Floating Point {ADC} Chip},
	Volume = {39},
	Year = {2004}}

@manual{tubespecs,
	title = {XP2072: High energy resolution , 10-stage, 39mm (1.5") tube},
	language = {English},
	organization = {HCZ Photonics},
	pagetotal = {3}
}

@article{PhysRevLett.25.902.2,
	Author = {Drell, Sidney D. and Yan, Tung-Mow},
	Date-Added = {2015-07-06 19:10:53 +0000},
	Date-Modified = {2015-07-06 19:10:53 +0000},
	Journal = {Phys. Rev. Lett.},
	Month = {Sep},
	Number = {13},
	Numpages = {1},
	Pages = {902},
	Publisher = {American Physical Society},
	Title = {Massive Lepton-Pair Production in Hadron-Hadron Collisions at High Energies},
	Volume = {25},
	Year = {1970},
	Bdsk-Url-1 = {http://dx.doi.org/10.1103/PhysRevLett.25.902.2}}

@article{PhysRevLett.25.316,
	Author = {Drell, Sidney D. and Yan, Tung-Mow},
	Date-Added = {2015-07-06 19:10:37 +0000},
	Date-Modified = {2015-07-06 19:10:37 +0000},
	Journal = {Phys. Rev. Lett.},
	Month = {Aug},
	Number = {5},
	Numpages = {4},
	Pages = {316--320},
	Publisher = {American Physical Society},
	Title = {Massive Lepton-Pair Production in Hadron-Hadron Collisions at High Energies},
	Volume = {25},
	Year = {1970},
	Bdsk-Url-1 = {http://dx.doi.org/10.1103/PhysRevLett.25.316}}

@manual{TI,
	Author = {Ed Jastrzembski},
	Organization = {JLab},
	Timestamp = {2015.05.22},
	Title = {VME Trigger Interface},
	Url = {https://userweb.jlab.org/~moffit/meetings/docs/VmeTIRManual.pdf},
	Bdsk-Url-1 = {https://userweb.jlab.org/~moffit/meetings/docs/VmeTIRManual.pdf}}

@manual{TS,
	Abstract = {Trigger Supervisor v2 (TS) - CODA - Jefferson Lab},
	Author = {Ed Jastrzembski},
	Organization = {JLab},
	Timestamp = {2015.05.22},
	Title = {Trigger Supervisor v2 (TS)},
	Url = {https://coda.jlab.org/drupal/system/files/pdfs/HardwareManual/misc/Trigger\%20Supervisor\%20V2.pdf},
	Bdsk-Url-1 = {https://coda.jlab.org/drupal/system/files/pdfs/HardwareManual/misc/Trigger%5C%20Supervisor%5C%20V2.pdf}}

@manual{SIS3610,
	Timestamp = {2015.06.09},
	Title = {SIS3610 16 In/16 Output Register},
	Url = {http://www.struck.de/sis3610.htm},
	Bdsk-Url-1 = {http://www.struck.de/sis3610.htm}}

@article{Scale32,
	Author = {J. Bouvier, R. Foglio, E. Munoz, O. Rossetto, ``},
	Journal = {internal report t G0-99-017, LPSC 99-10.},
	Timestamp = {2015.06.09},
	Title = {Scale 32}}

@article{wang2014field,
	Author = {Wang, Su-Yin and Wu, Jinyuan and Yao, Shi-Hong and Chang, Wen-Chen},
	Date-Modified = {2015-07-16 14:36:06 +0000},
	Journal = {Nuclear Science, IEEE Transactions on},
	Number = {6},
	Pages = {3592--3598},
	Publisher = {IEEE},
	Title = {A Field-Programmable Gate Array ({FPGA}) {TDC} for the {F}ermilab {S}ea{Q}uest ({E}906) Experiment and Its Test with a Novel External Wave Union Launcher},
	Volume = {61},
	Year = {2014}}

@url{ProASIC3,
	Date-Modified = {2015-07-15 21:29:56 +0000},
	Howpublished = {Online},
	Owner = {Grass},
	Timestamp = {2015.05.21},
	Title = {Pro{ASIC3} Flash Family {FPGA}s with Optional Soft {ARM} Support.},
	Url = {http://www.actel.com/documents/PA3_DS.pdf},
	Bdsk-Url-1 = {http://www.actel.com/documents/PA3_DS.pdf}}

@article{dalesio1994experimental,
	Author = {Dalesio, Leo R and Hill, Jeffrey O and Kraimer, Martin and Lewis, Stephen and Murray, Douglas and Hunt, Stephan and Watson, William and Clausen, Matthias and Dalesio, John},
	Journal = {Nuclear Instruments and Methods in Physics Research Section A: Accelerators, Spectrometers, Detectors and Associated Equipment},
	Number = {1},
	Pages = {179--184},
	Publisher = {Elsevier},
	Title = {The experimental physics and industrial control system architecture: past, present, and future},
	Volume = {352},
	Year = {1994}}

@article{nagy1986fermilab,
	Author = {Nagy, Frank J},
	Date-Modified = {2015-07-15 21:30:56 +0000},
	Journal = {Nuclear Instruments and Methods in Physics Research Section A: Accelerators, Spectrometers, Detectors and Associated Equipment},
	Number = {1},
	Pages = {208--214},
	Publisher = {Elsevier},
	Title = {The {F}ermilab accelerator controls networking system},
	Volume = {247},
	Year = {1986}}
